3142 5059
450 375 680 437 CARMINVM
704 376 894 437 CATVLLI.
1186 382 1246 437 225

84 557 208 617 idcirco
230 555 398 617 Porsonmn
423 566 559 633 putemus
584 557 656 617 nihil
682 559 844 635 reperisse?
886 557 985 617 Nemo
1006 558 1085 617 enirn
1105 566 1247 629 ueterum,

84 664 122 712 ut
152 656 271 731 opinor,
293 665 398 714 notum
424 655 494 715 illud
516 656 596 732 apud
620 656 764 731 Tragicos
788 657 934 733 ut„quinti
961 657 1045 733 pedis
1067 658 1247 718 senariorum

84 752 222 829 primam
249 753 391 829 syllabam
419 754 599 829 corriperent
626 754 652 813 si
678 754 802 813 creticus
830 763 1006 831 sequeretur,
1034 764 1084 813 aut
1112 755 1185 815 scire
1213 772 1246 813 se

83 849 247 924 professus
274 859 319 909 est
341 860 391 909 aut
415 851 571 927 quicquam
599 852 636 910 de
658 869 696 909 eo
717 853 872 928 praecepit
916 851 1054 911 Poterant
1078 853 1166 911 etiam
1190 852 1246 911 alia

84 946 195 1006 latere.
244 946 325 1018 Quid
352 958 451 1006 autem
475 947 586 1007 facilius
609 967 699 1024 quam
720 949 906 1024 partitionem
928 949 1083 1024 neglegere
1107 966 1245 1008 uersuum

86 1045 143 1118 qui
166 1062 230 1103 non
250 1046 368 1104 mutatis
388 1046 528 1115 numeris
542 1046 595 1104 sed
609 1045 673 1104 sola
691 1047 835 1104 sententia
849 1047 1113 1121 distinguerentur?
1156 1045 1246 1103 Tales

85 1142 205 1201 multos
219 1142 308 1201 luisse
321 1144 371 1201 uix
388 1144 525 1219 cuiquam
546 1144 635 1201 credo
657 1144 778 1202 dubium
795 1142 857 1201 fore
878 1144 927 1220 qui
946 1143 1075 1219 perlecto
1090 1142 1245 1218 Hephaes-

85 1238 176 1296 tione
200 1240 239 1297 ad
262 1239 435 1315 Lyricorum
458 1239 622 1315 fragmenta
649 1258 680 1298 se
705 1240 867 1297 contulerit.
909 1238 1045 1310 Quorum
1072 1247 1153 1296 tanta
1176 1255 1245 1313 pars

85 1336 227 1395 uersibus
248 1338 394 1411 ἰσομέτροις
414 1338 521 1414 scripta
543 1348 588 1396 cst
608 1347 718 1413 quanta
738 1336 865 1413 strophis
888 1336 1012 1395 omnino
1033 1337 1160 1403 canusso
1181 1352 1243 1393 non

86 1432 228 1491 uincitur.

130 1532 181 1591 Ex
195 1533 275 1591 libris
291 1532 426 1609 Sapphus
440 1552 517 1593 unus
531 1542 605 1593 teste
621 1532 723 1591 Seruio
744 1531 783 1591 ad
798 1531 909 1609 Georg.
928 1532 952 1591 1.
964 1551 999 1607 31
1022 1533 1178 1609 inscriptus
1199 1543 1244 1591 est

85 1628 298 1705 Epithalamia
339 1630 437 1689 Huius
464 1650 526 1690 non
553 1649 648 1707 pauca
675 1641 830 1706 supersunt
858 1628 1029 1706 fragmenta,
1058 1630 1243 1702 hexametris,

87 1729 277 1799 choriambis
292 1729 406 1800 iambis,
427 1729 490 1787 aliis
512 1729 613 1787 metris
635 1728 810 1805 conscripta.
853 1726 971 1787 Horum
984 1727 1096 1785 nulliun
1117 1726 1243 1803 strophis

86 1828 220 1885 mmisse
234 1827 280 1885 uel
299 1836 375 1885 certe
390 1832 540 1900 περικοπαῐς
556 1828 616 1885 suis
629 1826 765 1885 credibile
780 1836 843 1885 est:
865 1824 1046 1901 Hymenaeis
1060 1825 1147 1895 enim,
1161 1825 1243 1901 quod

86 1943 187 2001 genus
209 1926 372 1984 carminum
395 1943 414 1982 a
437 1925 535 1984 multis
557 1926 582 1983 si
607 1925 688 2002 quod
715 1925 793 1983 aliud
816 1925 967 1983 recitatum
989 1935 1033 1983 est
1059 1924 1153 2001 iisque
1179 1941 1242 1982 non

88 2043 212 2100 semper
231 2026 261 2082 in
282 2025 389 2083 eodem
408 2025 477 2083 loco
500 2026 651 2095 stantibus,
676 2042 752 2101 opus
773 2034 835 2083 erat
856 2025 1009 2101 partitione
1034 2024 1161 2099 quadam
1183 2042 1243 2099 qua

85 2122 294 2181 alternantium
308 2131 406 2181 motus
419 2123 467 2180 uel
481 2123 733 2198 progredientium
745 2118 938 2197 regerentur¹.
971 2120 1060 2179 Vnde
1074 2138 1135 2179 non
1150 2120 1242 2180 Grae·

87 2237 194 2278 corum
216 2229 330 2278 tantum
352 2220 491 2295 nuptialia
515 2221 644 2279 carmina
665 2238 721 2278 nec
743 2220 899 2295 lyricorum
920 2228 1033 2277 tantum
1054 2219 1085 2276 in
1106 2219 1240 2295 strophas

87 2326 158 2375 sunt
174 2316 287 2388 diuisa;
308 2318 361 2376 sed
376 2327 405 2375 et
419 2316 568 2376 Theocriti
582 2317 713 2375 Helenes
729 2316 956 2392 Epithalamium
971 2315 1051 2391 quod
1065 2314 1240 2375 hexametris

86 2416 230 2490 scriptum
247 2424 300 2484 est,
315 2424 344 2473 et
358 2413 462 2473 Catulli
480 2435 505 2475 c.
520 2414 600 2485 LXI,
614 2414 701 2473 LXII
723 2432 849 2491 quorum
870 2415 949 2490 prius
968 2414 1125 2490 glyconeis,
1140 2423 1239 2489 poste-

85 2516 148 2573 rius
173 2514 348 2573 hexametris
373 2515 547 2591 composuit,
568 2525 598 2573 et
619 2516 748 2573 Senecae
769 2514 961 2591 Hymenaeus
985 2516 1015 2571 ln
1037 2513 1144 2571 Medea
1165 2510 1240 2589 (56-

90 2610 164 2690 115)
185 2620 216 2670 et
240 2610 392 2670 Claudiani
415 2630 518 2671 uersus
546 2612 689 2688 nuptiales
716 2622 778 2671 rata
806 2612 934 2688 quadarn
962 2611 1160 2671 distributione
1188 2628 1239 2670 co-

86 2718 206 2785 guntru.
247 2708 352 2785 Itaque
367 2708 502 2785 Sapphus
516 2709 589 2768 liber
603 2719 634 2767 ut
648 2710 739 2767 mtdta
758 2710 895 2785 amplecti
914 2710 1007 2785 potuit
1022 2709 1092 2784 ipsis
1109 2710 1239 2769 numeris

86 2807 118 2864 in
140 2815 238 2881 partes
255 2824 322 2865 suas
343 2807 485 2878 ordinata,
499 2807 540 2865 ita
560 2810 685 2879 ῖσόμετρα
705 2808 851 2883 quaedam
872 2808 986 2866 uidetur
1003 2806 1147 2877 habuisse,
1163 2825 1239 2885 quae

85 2922 125 2962 ne
140 2904 204 2979 ipsa
217 2904 336 2979 quidem
351 2905 412 2963 siue
427 2904 552 2980 strophis
568 2906 708 2963 carebant
721 2906 782 2964 siue
798 2916 876 2965 certa
887 2905 1089 2982 aequabilitate
1103 2907 1239 2980 partium.

87 3002 253 3061 Coniectati
266 3012 335 3061 sunt
348 3001 406 3061 hoc
425 3002 462 3061 de
476 3002 652 3061 hexametris
666 3004 728 3061 eius
744 3000 867 3083 (Sapph.
883 3004 915 3061 ir.
932 3022 980 3079 92,
990 3022 1039 3081 93,
1050 3022 1098 3077 94,
1111 3000 1163 3081 95)
1179 3004 1236 3063 iam

86 3098 288 3159 Rossbachius
303 3109 332 3159 et
346 3096 574 3175 Westphalius²3
596 3099 742 3159 sedidem
756 3101 840 3160 latius
855 3102 982 3178 patuisse
997 3102 1128 3160 arbitror.

284 3249 381 3314 Ὀλβεε
393 3251 496 3322 γάμβρε
511 3250 556 3305 σοὶ
568 3250 615 3319 μὲν
628 3250 659 3319 δὴ
672 3251 764 3322 piper,
779 3252 813 3307 ὣς
827 3250 900 3320 ripen,

290 3346 463 3411 ε’κτετέλεστ,’
477 3349 546 3419 ἔχεις
559 3348 588 3402 δι’
602 3348 729 3419 alpheios
741 3346 773 3401 ἃν
786 3347 858 3419 ripae.
927 3342 960 3401 sr.
976 3364 1024 3417 99.

84 3492 129 3551 Hi
149 3506 251 3549 uersus
271 3487 494 3565 quodammodo
515 3487 665 3563 stropham
685 3486 733 3545 uel
753 3486 895 3558 περικοπὴν
914 3484 1051 3555 efficiunt,
1065 3500 1234 3561 quanquam

84 3606 149 3649 non
162 3605 240 3663 nego
258 3604 326 3646 cum
347 3586 410 3645 aliis
424 3603 477 3644 eos
496 3584 635 3660 coniungi
649 3584 778 3661 potuisse
793 3583 843 3660 qui
858 3581 988 3642 dissimili
1002 3593 1095 3642 metro
1110 3581 1236 3643 conlecti

86 3693 194 3748 essent
236 3684 378 3743 Eiusdem
392 3684 508 3759 generis
522 3693 591 3742 sunt
839 3690 849 3695 ’“

286 3831 334 3905 rip
348 3828 384 3899 α’,
399 3830 420 3883 ὦ
433 3830 497 3900 φίλε
510 3831 621 3902 γάμβρε,
636 3831 720 3887 κάλως
733 3830 846 3885 &redebeo
857 3850 866 3901 ;

287 3927 381 3999 ὅρπακε
394 3927 510 4001 βραδίνφ
523 3948 555 3981 σε
569 3926 677 3996 μάλιστ’
692 3926 813 3985 ε’ἶκᾶσδω.
877 3928 975 4000 (104).

84 4070 165 4135 Nihil
178 4070 246 4131 dico
264 4069 301 4128 de
316 4070 417 4141 Alcaei
433 4070 612 4146 fragmentis,
626 4068 679 4128 sed
692 4069 771 4129 hunc
785 4088 905 4147 quoque
922 4072 1076 4144 ῖσομέτρουε
1096 4072 1232 4147 strophas

85 4170 234 4247 scripsisse
250 4186 288 4229 ex
301 4168 407 4243 fragm.
419 4180 468 4241 37,
480 4186 529 4243 39,
544 4186 593 4241 41,
608 4169 647 4240 84
661 4170 723 4227 ueri
737 4169 830 4227 simile
844 4179 897 4229 est
940 4166 1025 4229 Haec
1039 4168 1118 4229 enim
1132 4169 1234 4229 omnia

328 4397 337 4426 ¹
354 4399 392 4446 cf.
399 4398 525 4460 Wettphal.
537 4400 632 4447 Catrrll's
642 4400 757 4447 Gedicbtc
767 4400 884 4448 fibersetat
895 4414 918 4460 p.
932 4412 986 4463 231.

329 4476 340 4508 ¹
356 4480 449 4528 Griecb.
462 4480 551 4528 Metrik
561 4481 592 4528 11.
603 4496 627 4542 p.
637 4489 676 4541 η.

631 4584 688 4649 ⁶ss
