3142 5059
303 363 360 418 ³18
765 353 978 416 EXCVRSVS

301 544 490 618 obsequium:
523 541 660 602 Caecilius
684 559 702 598 a
728 539 848 601 Sisenna
871 541 990 601 Albenti
1014 541 1105 600 caelo.
1157 539 1314 600 Centieem
1334 542 1446 600 uadem

302 641 471 702 Hortensius
483 644 593 718 pransus
607 643 732 708 dinus&
755 661 821 700 nant
834 647 934 700 rieures
940 641 1096 716 pluraliter
1107 642 1255 716 appellant.
1296 641 1448 718 Exscripsi

301 741 399 800 locum
419 751 452 802 ut
472 741 684 818 intellegeretur
704 757 766 800 non
790 741 911 800 nimium
935 740 1112 798 auctoritatis
1133 739 1335 812 Quinctilium
1355 741 1448 798 tnbu-

302 839 410 898 endum
432 857 505 898 esse.
549 839 628 898 Nam
648 839 832 915 piraticam
853 839 986 897 diruerunt
1000 837 1106 896 Cicero
1124 848 1154 896 et
1172 837 1323 907 Salustius,
1338 838 1447 896 labri·

302 955 376 998 cam
404 936 523 998 Plautus
555 937 711 996 Terentius
743 935 858 1005 Cicero,
893 935 1067 995 fabricare
1099 934 1237 994 Afranius
1268 939 1326 1011 169
1355 935 1447 994 Ribb.

303 1036 494 1096 fabricatus
508 1037 604 1096 Attius
620 1051 678 1110 559
695 1034 779 1094 Ribb.
802 1035 969 1094 musicam
982 1033 1087 1096 Cicero
1104 1035 1312 1111 obsequium
1326 1034 1448 1094 Plautus

302 1137 474 1196 ceruIcem
489 1135 625 1194 Afranius
640 1148 699 1208 415
714 1134 827 1192 Ennius
840 1135 919 1194 Ann.
931 1137 988 1205 4⁶2
1004 1133 1128 1192 Vahlen.
1142 1133 1293 1192 Lucretius
1306 1133 1361 1191 VI.
1377 1149 1446 1207 744.

304 1231 367 1294 Nec
382 1245 479 1292 tamen
493 1232 550 1292 hoc
565 1233 658 1308 magis
673 1233 765 1292 ausim
786 1232 1003 1290 munerarios
1023 1241 1163 1308 tanquam
1182 1251 1200 1291 a
1217 1231 1335 1290 CanrlIo
1354 1233 1447 1308 scrip

303 1341 365 1390 tum
380 1331 467 1402 tueri;
489 1347 656 1408 quanquam
670 1331 749 1388 enim
763 1330 931 1390 muneribus
944 1330 1039 1406 potuit
1052 1329 1099 1390 bic
1113 1331 1195 1389 locus
1208 1348 1283 1400 esse,
1292 1329 1331 1389 ct.
1342 1329 1447 1390 lunen.

303 1427 355 1488 1x.
372 1445 450 1504 5o-3

506 1533 555 1594 En
568 1534 657 1594 cuitu
671 1534 788 1592 minian
801 1533 952 1605 mallant,
966 1536 1135 1592 eui'raccina
1147 1537 1241 1594 muas

508 1631 649 1706 Grandia,
664 1635 765 1692 natatis
778 1635 878 1709 quesn
891 1634 965 1692 redit
974 1641 1002 1691 et
1012 1633 1151 1692 madidum
1164 1653 1214 1693 uer

505 1730 610 1808 Incipit
621 1739 647 1790 et
656 1738 747 1790 strata
756 1734 863 1808 potitus
874 1733 1009 1808 longaque
1020 1733 1150 1790 cathedra

506 1829 768 1908 rituneraserntnni
780 1838 886 1890 tractat
896 1839 996 1890 recreta
1012 1831 1150 1902 Calendis,

303 1957 402 2016 diuam
426 1967 522 2014 autem
547 1973 614 2014 cum
636 1955 763 2030 Leysero
784 1965 813 2013 et
834 1955 988 2014 Schwabio
1007 1955 1171 2016 Lauernam
1191 1955 1314 2015 iortaese
1335 1957 1445 2033 poteris

303 2055 489 2130 interpretari,
514 2055 669 2132 praecipue
694 2055 718 2112 si
743 2071 861 2112 carmen
886 2055 962 2114 citea
989 2063 1105 2130 tempus
1128 2055 1276 2114 Diualiutn
1302 2057 1445 2132 scrIptum

303 2152 559 2228 putabis‚-nolim
573 2163 671 2211 tamen
683 2151 797 2210 Catullo
811 2153 988 2211 uocabulum
1002 2152 1106 2212 inferre
1117 2154 1198 2229 quod
1211 2153 1335 2212 tueritne
1348 2153 1444 2213 adbuc

303 2253 444 2310 Incertum
462 2263 514 2320 est,
529 2251 584 2310 hac
605 2250 723 2328 quidem
744 2251 953 2326 significatione
974 2253 1003 2309 in
1024 2253 1104 2311 nullo
1124 2255 1205 2312 bono
1225 2263 1345 2312 auctore
1365 2253 1446 2311 inue-

303 2352 405 2410 niatur.
449 2351 520 2410 Non
534 2351 628 2428 magis
643 2352 738 2426 probo
753 2343 875 2427 Hauptii
889 2352 1084 2410 coniecturam
1098 2353 1329 2411 mulierarios.
1371 2352 1445 2412 Esto

303 2451 381 2510 enim
400 2461 431 2510 ut
450 2461 499 2510 aut
519 2451 613 2511 soluta
631 2451 687 2510 arsi
706 2469 775 2510 usus
790 2448 874 2509 fuerit
888 2449 1027 2522 Catullus,
1041 2461 1073 2509 ut
1087 2451 1120 2510 L.
1136 2450 1277 2510 Muellero
1290 2452 1387 2510 uisum
1402 2462 1445 2511 est

302 2549 339 2608 de
361 2569 392 2609 re
415 2549 537 2608 Metrica
561 2533 589 2626 p]
606 2565 671 2624 154,
690 2547 739 2607 aut
763 2547 886 2607 mulier
909 2549 939 2607 in
963 2549 1125 2626 disyllabon
1146 2550 1295 2620 transierit,
1316 2549 1353 2609 cf.
1369 2549 1443 2609 Hor.

302 2649 397 2724 Epod.
413 2649 465 2706 XI.
484 2669 498 2706 a
503 2669 520 2724 3
542 2647 629 2706 Nunc
643 2647 796 2724 gloriantis
815 2647 963 2724 quamlibet
980 2649 1170 2706 mulierculam
1197 2647 1308 2707 Vincere
1326 2650 1445 2707 malla&

302 2746 393 2804 Amor
406 2745 520 2822 Lynici
537 2767 578 2804 me
596 2754 665 2804 tenet
681 2756 710 2806 at
724 2748 805 2824 quod
820 2746 857 2806 de
870 2747 1015 2806 uocabulo
1032 2748 1248 2806 munerarios
1265 2747 1352 2819 ualet,
1367 2749 1444 2807 cadit

303 2844 389 2902 etiam
414 2845 444 2902 in
468 2844 701 2904 mulierarios.
745 2843 865 2904 Habent
888 2845 918 2903 id
942 2844 1061 2922 quidem
1082 2846 1174 2904 multa
1194 2843 1352 2916 Glossaria,
1371 2846 1440 2904 Mai.

302 2941 389 2998 Auct.
407 2938 499 2998 Class.
514 2941 599 3000 VIII.
616 2943 673 3016 363
702 2942 887 3000 mulierum
914 2941 1080 3018 frequens
1108 2944 1294 3020 appetitor.
1346 2943 1441 3004 Gloss.

303 3037 496 3098 Hildebrandi
523 3057 579 3098 212
610 3039 811 3100 Mulerosus
837 3042 903 3113 (sic)
932 3041 1166 3101 mulierarius.
1216 3041 1314 3101 Gloss.
1336 3042 1441 3120 Papiae

306 3137 546 3196 Mulierarium
571 3137 813 3198 laemelarium
837 3140 972 3216 antiqui
996 3139 1178 3199 dicebant:
1202 3139 1255 3198 sed
1273 3140 1322 3200 hic
1340 3159 1442 3200 sensus

302 3236 381 3296 haud
396 3238 456 3296 scio
471 3257 508 3296 an
527 3239 606 3314 apud
624 3237 714 3296 ullum
733 3239 831 3297 bonae
850 3238 995 3297 latinitatis
1013 3240 1184 3315 scriptorem
1202 3249 1288 3310 extet,
1303 3241 1443 3316 quemad-

303 3337 425 3395 modum
440 3354 477 3394 ne
492 3337 702 3396 mulierosus
717 3337 836 3413 quidem
851 3338 905 3396 nisi
919 3354 1036 3413 perraro
1048 3337 1152 3398 Cicero
1163 3339 1276 3398 uidetur
1286 3340 1442 3416 scripsisse.

306 3434 389 3494 Idem
404 3436 483 3512 quod
498 3435 731 3494 mulierarium
746 3453 883 3494 manum
897 3436 968 3494 dixit
981 3454 1035 3512 pro
1049 3435 1151 3496 Caelio
1165 3436 1309 3508 XXVIII,
1324 3457 1443 3497 manum

303 3531 456 3591 hominum
485 3533 557 3593 dixit
584 3543 819 3610 comparatorum
847 3533 878 3592 a'
891 3533 1014 3605 Clodia;
1049 3553 1144 3611 neque
1172 3535 1252 3594 hunc
1280 3537 1370 3596 credo
1398 3549 1445 3596 aut

303 3633 525 3690 mulierarios
550 3633 604 3691 nisi
630 3622 743 3691 adie'cto
767 3634 889 3691 nomine
912 3642 960 3691 aut
985 3633 1008 3691 si
1032 3634 1174 3693 adiectiue
1198 3653 1269 3694 usus
1292 3647 1372 3695 esset
1393 3653 1444 3714 pro

302 3730 458 3790 mulieroso
476 3731 619 3790 dicturum
638 3731 734 3790 tuisse.

640 3943 854 4004 EXCVRSVS
878 3945 915 4003 ad
938 3943 1065 4004 xxvn.
1082 3965 1109 4018 4.

520 4077 563 4135 Vt
584 4077 639 4136 lex
661 4077 863 4137 Postumiae
884 4079 981 4138 iubet
1002 4081 1193 4156 magistrae

520 4177 669 4238 Ebriosa
690 4179 791 4238 aelna
811 4179 1029 4238 ebriosioris.

305 4306 363 4366 Hic
377 4321 479 4364 uersus
492 4321 560 4362 cum
574 4304 663 4362 tn'bus
677 4320 751 4378 quos
766 4303 894 4379 sequitur
908 4303 1012 4378 legitur
1025 4305 1113 4372 etiam
1129 4305 1159 4363 in
1173 4304 1208 4362 Α.
1221 4304 1298 4365 Gelli
1311 4309 1442 4367 noctibus

304 4405 406 4464 Atticis
420 4401 487 4462 VII.
502 4421 547 4462 ao.
