3142 5059
573 389 794 451 EXCVRSVS.
1184 394 1241 448 34⁷

108 575 254 636 Martialis
267 574 380 656 111.a5.
393 596 410 652 9
431 575 495 634 Hoc
507 581 564 648 tua,
575 579 656 635 saeue
662 587 735 652 puer
748 575 927 642 Diadumene,
941 575 1019 635 baeu
1032 575 1185 653 fraglant
1201 577 1243 639 sic

513 673 692 734 Thuanaeus
705 685 735 733 et
749 673 952 734 Schneideuini
964 673 1032 734 AB.

338 775 384 848 58.
397 787 413 852 ⁸1
435 771 479 831 Er
490 772 576 831 mulla
589 771 715 850 fraglat
727 779 796 831 terta
807 773 915 832 serulus
927 775 1081 831 aucmm's
1149 775 1190 833 sic
1203 772 1244 844 A,

514 870 623 947 flagat
636 871 660 942 b,
681 870 807 949 flagrat
819 869 883 930 XB
895 871 1017 949 plurimi

298 968 411 1045 l.87.1
435 967 727 1046 fraglesd'escennrir
741 972 806 1028 ae'rw
991 970 1032 1029 sic
1046 969 1161 1029 Thuan
1174 967 1243 1027 AB.

516 1066 631 1143 frages
646 1067 798 1126 Gudianus
818 1085 892 1127 saec.
907 1066 976 1125 XII.

515 1165 644 1242 flagres
658 1165 786 1243 plerique
800 1167 907 1243 reliqui.

285 1265 321 1323 V.
338 1278 384 1340 37.
396 1283 414 1340 9
435 1261 611 1340 Fraglauit
624 1284 670 1323 ore
683 1265 756 1341 qued
765 1267 907 1323 rosunum
920 1265 1022 1323 Paesti
1119 1263 1161 1322 sic
1173 1259 1245 1334 XB,

514 1361 679 1440 flagrauit
693 1363 870 1422 Thuanaeus
884 1362 981 1435 etalii,
1002 1361 1165 1438 flaglauit
1177 1359 1214 1418 A.

269 1459 321 1518 Vl.
338 1474 414 1534 55.3
435 1459 577 1540 Fraglas
589 1461 717 1536 plumbea
730 1459 911 1520 Nicerotiana
1009 1461 1051 1519 sic
1064 1459 1163 1531 XAC,
1183 1459 1247 1518 fla·

516 1577 595 1638 gras
608 1576 725 1618 nouem.

269 1653 321 1714 XI.
336 1658 363 1714 8.
379 1674 413 1714 ra
435 1655 498 1713 Hoc
512 1655 661 1732 fraglant
673 1655 847 1731 puere'ddsea
860 1673 938 1712 neone
952 1656 1006 1712 mei
1101 1656 1142 1714 sic
1156 1653 1249 1716 XAC

510 1765 559 1830 pr.
577 1751 606 1825 V,
627 1753 778 1830 flagrant
792 1753 969 1812 Thuanaeus
983 1762 1012 1811 et
1026 1769 1076 1811 sex
1091 1753 1145 1811 alii

254 1851 322 1911 VII.
337 1855 383 1928 87.
396 1872 413 1928 3
434 1854 463 1909 si
473 1851 601 1929 flagrat¹
611 1870 704 1910 aneon
715 1852 837 1912 catellae·
873 1851 915 1910 sic
928 1850 1051 1928 plurimi,
1065 1849 1192 1928 fraglat
1205 1848 1248 1922 X,

516 1951 629 2028 fragat
646 1969 689 2027 pr.
704 1950 741 2009 A.

298 2051 343 2109 26.
359 2051 415 2123 7,ss
436 2067 529 2106 errrore
542 2067 681 2131 rugarum
696 2047 834 2125 Flagret
913 2047 1040 2125 fraglet
1051 2045 1122 2106 ΧΑ.

343 2162 388 2220 27.
401 2151 419 2205 6
442 2147 580 2225 flagret
593 2155 619 2208 d
630 2147 811 2225 exaioflrta
824 2147 917 2205 calere
930 2148 995 2223 elego
1038 2145 1163 2223 fraglet
1176 2143 1247 2205 XA.

209 2265 210 2268 ¹
255 2244 322 2305 XII.
339 2261 385 2320 52.
398 2266 416 2318 4
437 2245 562 2322 flagrat
575 2263 668 2308 amere
680 2247 749 2304 uitri
829 2244 957 2322 fraglat
970 2242 1041 2303 ΧΑ.

287 2342 322 2402 X.
339 2346 385 2403 86.
399 2365 414 2402 a
437 2343 614 2420 Flagrauit
627 2351 728 2420 quanto
741 2341 861 2402 Laurus
874 2344 1049 2418 amorepeloe
1093 2343 1135 2401 sic
1149 2340 1249 2400 Thua-

518 2459 617 2516 naeus‚
639 2441 804 2518 fraglauit
817 2440 888 2500 ΧΑ.

155 2643 244 2720 Apud
258 2641 413 2719 Apuleium
426 2642 703 2722 fraglantissimo
717 2663 809 2704 amere
821 2644 893 2703 Met.
908 2643 960 2702 IV.
973 2662 1020 2718 31,
1041 2641 1251 2718 flagrantiae

114 2743 182 2800 solis
203 2743 250 2812 ib.,
270 2743 470 2822 rieurdeiuselle
491 2742 681 2821 fraglantes
694 2743 731 2804 V.
747 2764 774 2820 9,
796 2744 920 2820 mprdrae
940 2741 1095 2818 fraglans
1115 2741 1252 2816 cupidinis

114 2842 152 2900 V.
170 2860 216 2915 23,
237 2839 391 2918 flagrans
405 2842 527 2900 bohema
549 2841 761 2915 VenurVI.11,
782 2844 814 2901 de
832 2845 898 2902 rolr's
918 2841 1107 2917 fraglantia
1127 2846 1252 2898 mutuam

114 2940 228 2998 colorem
248 2938 300 2998 VI.
319 2958 353 2998 ra
377 2940 470 2999 codex
495 2940 703 3008 Laurentianus
727 2941 867 3003 LXVIII.
885 2961 901 3000 2
923 2959 941 3000 a
961 2939 1059 3000 Keilio
1080 2939 1201 2998 collatus
1221 2938 1252 2996 in

116 3037 153 3098 O.
166 3038 250 3097 lahni
264 3038 308 3097 ed.
325 3037 477 3115 Cupidinis
491 3049 520 3097 et
534 3039 667 3117 Psyches

156 3137 271 3196 incerta
284 3155 330 3195 res
347 3147 390 3196 est
407 3139 484 3213 apud
499 3137 680 3212 Ciceronem,
695 3140 744 3216 qui
763 3158 818 3216 pro
835 3140 953 3198 redolere
970 3154 1120 3214 nunquam
1137 3133 1251 3194 uidetur

115 3248 270 3309 usurpasse
283 3234 466 3294 uocabulum.
508 3234 670 3312 Flagrare
689 3247 786 3295 tamen
805 3235 974 3313 plerumque
992 3235 1023 3292 in
1040 3232 1112 3292 locis
1129 3230 1251 3307 repperi,

115 3333 164 3392 ubi
197 3333 373 3409 optimorum
408 3333 542 3392 codicum
576 3335 746 3411 scripturam
780 3351 959 3410 cognoscere
993 3331 1078 3402 licuit,
1106 3329 1252 3387 interdum

116 3430 249 3506 flagare
268 3439 300 3488 ut
319 3429 460 3490 Paradox.
476 3431 527 3490 IV.
542 3434 577 3490 18
592 3432 641 3492 ubi
659 3431 797 3492 Orelliani
809 3431 870 3489 AB
883 3431 991 3489 habent
1004 3428 1191 3504 deflagare,
1204 3427 1252 3485 De

116 3528 240 3589 Oratore
254 3528 277 3588 I.
293 3547 328 3600 14
343 3529 392 3587 ubi
407 3528 519 3588 Canon.
536 3543 591 3604 ²5²
607 3529 851 3606 flagauerunt:
872 3538 901 3588 et
921 3529 962 3587 sic
977 3527 1148 3588 Ciceronem
1168 3545 1219 3603 per
1233 3524 1252 3596 l,

116 3646 177 3687 non
191 3645 243 3704 per
256 3646 278 3698 r,
293 3628 441 3705 scripsisse
455 3628 627 3687 confirmant
646 3629 829 3693 assonantiae
843 3627 935 3705 qualis
954 3636 997 3685 est
1015 3625 1063 3685 illa
1079 3626 1109 3683 in
1122 3623 1252 3682 Verrinis

116 3724 155 3784 II.
171 3744 198 3796 4.
212 3737 247 3799 71
267 3722 406 3784 Conarieia
418 3728 524 3801 stuprrir
537 3726 684 3784 domesticis
689 3726 866 3806 flagellisque
877 3724 1083 3802 flagrabunt

156 3822 253 3882 Venio
267 3823 305 3881 ad
318 3824 531 3899 grammaticos.
573 3821 687 3882 Nonius
702 3825 760 3898 438
776 3822 936 3899 Flagrare
954 3828 980 3881 et
997 3823 1131 3899 ignescere
1143 3821 1183 3878 ita
1196 3819 1253 3877 dis·

117 3922 240 3978 cerneiur
261 3920 334 3995 quod
354 3922 486 3996 ignescere
508 3921 616 3979 incendi
635 3927 662 3978 et
682 3921 790 3992 ardere,
810 3921 959 3998 flagrare
979 3939 1045 3978 uero
1064 3921 1152 3978 olere:
1179 3925 1205 3976 et
1223 3919 1255 3975 in

113 4005 246 4093 plareina'r
273 4021 413 4076 rnuendur
439 4021 493 4078 ista
520 4021 652 4078 de‘scretr'o.
705 4019 789 4092 Quae
816 4021 907 4079 uerba
932 4020 988 4079 nisi
1015 4027 1149 4094 corrupta
1176 4026 1253 4086 sunt,

119 4115 234 4175 Nonius
254 4115 328 4176 inter
346 4114 491 4193 flagrare
511 4126 539 4176 et
557 4117 713 4194 fragrare
732 4137 794 4177 non
813 4118 911 4194 posuit
931 4118 1092 4178 discrimen.
1135 4114 1254 4174 Sentius

30 4251 31 4256 κ
119 4233 194 4290 quae
209 4214 245 4273 de
261 4215 360 4274 haere
375 4215 443 4275 dicit
455 4215 527 4276 haec
542 4217 660 4275 suntad
674 4218 747 4278 Aen.
761 4215 782 4275 I
801 4219 859 4291 43⁶
874 4216 1083 4294 Fragrantia.
1127 4212 1254 4284 Quorum

30 4319 32 4368 l
120 4312 283 4372 r'recendirnus
297 4313 473 4389 signficatur
486 4315 559 4390 quod
567 4314 645 4390 statu
663 4317 752 4376 aleier
764 4325 817 4391 per
831 4315 979 4385 ldr'ce'rreus,
993 4315 1111 4390 quotam
1128 4312 1194 4368 odor
1207 4314 1258 4386 qui

112 4411 213 4486 sraela
227 4413 349 4488 specielr‘)
365 4415 454 4471 maror
467 4419 507 4471 erl
513 4421 564 4488 per
578 4432 595 4469 r
609 4413 731 4472 delemur.
773 4412 886 4472 Probus
906 4414 936 4471 in
951 4411 1120 4489 Appendice
1140 4430 1169 4488 p.
1186 4428 1253 4468 201.

657 4541 674 4582 r
691 4544 709 4612 y
727 4545 745 4590 2
