3142 5059
736 403 792 466 DE
817 403 1078 465 PARTITIONE

331 601 387 662 707
492 583 574 663 Ergo
587 603 651 663 age,
667 603 733 646 care
748 597 839 663 pater,
853 587 960 646 ceruici
974 587 1116 664 inponere
1130 599 1255 658 nostrae,

492 684 561 762 lpse
574 685 680 744 subibo
694 685 811 756 umeris,
825 704 872 742 nec
884 704 926 742 nee
937 685 1018 743 labor
1030 688 1081 744 ure
1086 687 1232 761 gruum.

331 811 390 873 '1²³
493 795 661 874 succedoque
673 799 758 856 onai.
800 797 978 858 Dextraese
992 817 1100 875 paruus
1114 799 1194 860 iulus

493 894 629 972 Inplicuit
642 895 831 972 sequiturque
845 905 958 972 patrem
972 912 1034 954 non
1047 897 1182 972 passibus
1195 898 1306 974 aequis.

332 1019 391 1083 729
717 1009 823 1085 pariter
835 1009 993 1085 comitique
1006 1011 1134 1084 merique
1146 1009 1294 1068 timebam

333 1122 422 1196 745,6
494 1119 592 1193 Quem
607 1139 668 1181 non
683 1123 814 1182 incusaui
827 1139 930 1181 amens
943 1121 1387 1199 hominumqueDeorumque?

494 1219 553 1278 Aut
567 1219 637 1296 quid
652 1221 681 1278 in
696 1238 799 1280 euersa
812 1219 872 1278 uidi
885 1219 1031 1279 crudelius
1044 1220 1136 1278 urbe?

333 1333 391 1404 804
495 1329 588 1404 Cessi,
602 1343 631 1392 et
644 1333 750 1392 sublato
764 1343 896 1393 montem
909 1332 1042 1408 genitore
1056 1334 1153 1409 petiui.

373 1543 476 1605 Nexus
496 1545 553 1606 loci
568 1545 631 1606 talis
648 1545 742 1624 potuit
755 1563 829 1606 ease.
872 1545 1015 1606 ‘Ferendi
1036 1556 1104 1606 sunt
1123 1545 1195 1604 mihi
1208 1545 1335 1606 lesbiae
1356 1551 1391 1608 in
1412 1551 1483 1609 alios

333 1647 479 1712 ‘amores
494 1661 562 1702 cum
577 1643 653 1702 Iuno
667 1643 748 1702 Iouis
761 1643 837 1703 stuta
850 1644 991 1720 patienter
1004 1642 1086 1702 serat
1126 1644 1168 1702 At
1181 1661 1236 1702 nec
1253 1644 1397 1706 homines
1418 1665 1483 1708 cum

333 1739 428 1810 ‘Diis
443 1757 498 1799 nec
517 1757 585 1800 cum
599 1738 714 1799 lunone
728 1739 860 1800 Camlltu
873 1741 1090 1817 comparandus
1106 1751 1159 1799 est.
1200 1740 1372 1800 Hominum
1387 1746 1484 1819 potius

334 1836 461 1898 ‘faciam
476 1855 524 1896 me
539 1854 647 1914 parem.
690 1835 756 1912 Ego
770 1837 909 1897 Lesbiam
930 1838 1014 1896 amisi
1036 1836 1090 1898 aed
1109 1856 1165 1896 noc
1185 1839 1311 1897 omnino
1332 1857 1393 1899 nec
1413 1859 1483 1900 con·

333 1941 341 1966 ⁸
357 1935 472 2012 iugem:
491 1935 619 2006 Aeneas,
629 1934 753 1994 Veneris
767 1934 852 2006 filius,
866 1944 896 1993 et
909 1935 1067 2010 coniugem
1081 1945 1111 1994 et
1124 1935 1254 2004 omnino,
1265 1952 1330 2010 quo
1340 1947 1484 2014 ternpore,

334 2035 342 2064 ‘
357 2031 455 2090 matru
475 2031 564 2102 iussu,
579 2041 660 2108 patre
681 2031 711 2090 in
725 2049 843 2092 umeros
862 2031 977 2091 sublato
991 2041 1020 2090 et
1032 2033 1193 2092 Ascanium
1205 2031 1310 2090 dextra
1323 2034 1484 2102 deducens,

334 2133 467 2188 ‘nouam
488 2128 610 2188 domurn
630 2127 728 2204 petiit!
771 2126 875 2204 ltaque
892 2147 921 2187 u.
936 2127 1023 2206 (ψ)
1037 2139 1088 2188 aut
1107 2129 1255 2188 aVeuerc
1275 2129 1394 2189 dictum
1414 2143 1484 2207 puto

334 2236 383 2284 aut
418 2226 456 2284 ab
490 2225 553 2303 ipsa
580 2223 699 2296 Creusa,
727 2225 978 2302 quemadmodum
1008 2224 1082 2284 haec
1108 2225 1139 2284 in
1166 2227 1241 2286 Aen.
1267 2225 1308 2284 11.
1339 2230 1484 2302 ⁶73-679

333 2321 477 2383 inducitur

497 2487 576 2546 Ecce
590 2497 688 2547 autem
702 2486 858 2563 complexa
871 2485 962 2564 pedes
976 2488 1007 2545 in
1020 2485 1118 2546 limine
1132 2487 1240 2546 coniux

497 2583 654 2656 Haerebat,
669 2601 851 2662 paruumque
865 2585 939 2663 patri
952 2584 1090 2645 tendebat
1103 2585 1208 2643 Iulum.

498 2679 529 2740 Si
543 2681 685 2758 periturru
699 2683 771 2752 abis,
786 2693 816 2742 et
829 2699 886 2742 nos
900 2701 970 2758 rape
983 2683 1014 2740 in
1028 2682 1128 2740 omnia
1141 2691 1239 2740 tecum
1247 2699 1255 2750 ;

499 2778 550 2836 Sin
565 2779 691 2855 aliquam
705 2791 843 2857 expertus
857 2781 980 2857 sumptis
993 2797 1077 2856 spem
1091 2779 1178 2856 ponis
1192 2780 1222 2837 in
1236 2779 1325 2837 armis

498 2874 586 2935 Hanc
600 2878 726 2952 primum
741 2887 833 2936 tutare
846 2877 977 2936 domum.
1019 2876 1074 2935 Cui
1089 2895 1196 2952 paruus
1209 2875 1300 2944 Iulus,

498 2969 554 3030 Cui
569 2984 658 3049 pater,
673 2984 702 3033 et
716 2975 824 3034 coniux
837 2975 989 3052 quondam
1002 2985 1053 3034 tua
1065 2975 1142 3033 dicta
1155 2973 1324 3050 relinquor?

336 3175 405 3238 Dixi
425 3178 456 3238 in
472 3177 691 3258 Prolegomenis
711 3200 749 3242 err
770 3182 928 3259 archetypo
948 3182 1114 3242 octodecim
1135 3197 1238 3241 uersus
1258 3197 1360 3240 erasos
1380 3182 1484 3240 uideri

336 3275 404 3337 Hos
418 3293 480 3338 non
494 3289 561 3338 ante
575 3279 703 3340 diuidere
717 3280 877 3357 poterimus
890 3298 980 3357 quam
997 3297 1135 3339 uersuum
1152 3296 1306 3338 numerum
1327 3279 1359 3337 in
1378 3281 1484 3338 ceteris

337 3377 467 3456 partibus
491 3377 702 3455 collegerimus.
743 3377 782 3437 Et
805 3395 854 3437 uu.
878 3395 956 3450 1—40
977 3378 1036 3436 iam
1060 3377 1188 3436 uidimus
1211 3376 1242 3434 in
1267 3393 1303 3448 14
1329 3395 1365 3435 ra
1391 3395 1429 3449 ¹⁴
1453 3393 1484 3436 se

336 3475 477 3547 scindere,
490 3476 569 3535 unde
584 3474 639 3536 hos
653 3493 792 3535 numeros
805 3475 836 3534 in
850 3475 961 3551 reliquo
976 3475 1105 3534 carmine
1118 3473 1244 3533 ualuisse
1257 3491 1377 3533 censeo.

376 3571 510 3632 Medium
531 3573 666 3634 carnunis
690 3572 809 3643 faciunt,
830 3582 863 3631 ut
886 3573 954 3642 dixi,
974 3589 1078 3631 uersus
1098 3572 1136 3631 de
1160 3571 1253 3630 fratris
1277 3582 1374 3630 morte
1394 3569 1483 3650 (91)-

337 3671 434 3744 (roo).
466 3670 534 3729 Hos
547 3671 710 3746 precedunt
724 3681 753 3728 et
767 3679 903 3730 secuntur
916 3687 1018 3729 uersus
1032 3670 1070 3728 de
1085 3667 1178 3727 Troia
1191 3669 1333 3745 quaterni.
1367 3667 1480 3727 Harum

336 3767 459 3826 duarum
479 3775 626 3840 περικοπῶν
646 3769 772 3845 priorem
791 3764 943 3847 (87)-(9o)
965 3766 1144 3843 praecedunt
1160 3785 1196 3839 14
1212 3783 1314 3826 uersus
1328 3763 1480 3845 (73)-(86)

336 3863 374 3922 de
390 3861 552 3922 Laudamia
573 3861 628 3942 (sic
642 3863 791 3924 Vsenerus
808 3863 1005 3940 Westphalius
1025 3860 1113 3942 ego);
1134 3863 1242 3922 deinde
1265 3882 1300 3921 aa
1324 3863 1363 3922 de
1377 3863 1481 3922 Lesbia

337 3955 453 4018 Catullo
467 3957 553 4030 Allio,
568 3977 643 4035 quos
663 3979 730 4020 curn
744 3961 879 4020 Vsencro
897 3961 928 4020 in
949 3980 983 4021 ra
1003 3979 1040 4021 ro
1059 3962 1122 4037 ipse
1139 3960 1304 4032 diuiseram,
1323 3977 1361 4018 ro
1379 3979 1398 4018 a
1417 3958 1480 4040 (⁶3)

336 4055 375 4116 ad
390 4051 464 4134 (73),
483 4074 517 4114 rr
541 4073 559 4113 a
576 4053 641 4134 (51)
664 4058 701 4116 ad
716 4055 799 4137 (6²);
821 4076 874 4117 eos
887 4059 1064 4119 antecedunt
1082 4060 1113 4116 in
1131 4057 1283 4118 codicibus
1302 4074 1430 4129 nouem3
1451 4066 1480 4116 ut

336 4153 471 4215 Vsenero
495 4153 677 4230 Weetphallo
704 4157 850 4234 plerisque
874 4157 978 4233 placet,
1003 4157 1124 4230 decenn
1155 4166 1189 4216 ut
1209 4156 1289 4227 mihi,
1314 4155 1478 4216 duodecim

335 4254 436 4313 Plures
455 4253 534 4311 enirn
555 4269 615 4311 uno
636 4271 722 4312 uersu
741 4253 884 4313 excidisse
905 4253 974 4312 inde
991 4255 1099 4330 colligo
1118 4253 1199 4330 quod
1212 4253 1342 4330 plerique
1363 4253 1479 4312 codices

273 4357 284 4372 ‘
334 4351 443 4410 habent
463 4349 520 4410 hoc
542 4349 608 4408 loco
628 4350 675 4408 uel
689 4350 755 4426 defit
773 4351 820 4410 uel
840 4351 937 4427 defieri,
952 4351 1034 4426 quod
1047 4367 1110 4410 non
1129 4349 1226 4410 solent
1239 4351 1280 4408 ibi
1300 4367 1411 4426 ponere
1431 4349 1479 4409 ubi

335 4467 410 4506 unus
435 4457 547 4507 tantum
569 4464 670 4506 uersus
696 4447 818 4522 perierit.
870 4445 986 4507 Deinde
1007 4448 1110 4508 melius
1135 4447 1178 4508 sic
1200 4455 1363 4524 aequantur
1386 4456 1477 4522 partes
