3142 5059
312 395 420 453 xxxviii
708 394 1065 457 PROLEGOMENA.

314 576 389 636 ‘sed
403 594 442 636 ex
454 579 550 635 treicc'is
564 576 642 651 legit,
657 587 686 635 et
700 578 729 635 in
744 576 917 637 lectionibus
931 578 1045 638 duabus
1062 596 1151 655 supra
1168 578 1260 638 allatis
1279 578 1426 639 discordat
1446 596 1466 639 a

314 676 439 735 ‘codice
460 675 483 734 Ι.
500 678 556 748 67;
576 677 616 733 ita
637 684 670 735 ut
690 676 768 735 hunc
789 678 913 735 omnino
933 677 1053 736 arbitrer
1073 694 1138 736 esse
1158 678 1291 736 codicem
1313 697 1333 735 a
1351 677 1466 737 Vossio

315 780 322 807 ‘
338 776 447 835 dictum
462 772 722 845 Mediolanensem,
738 785 767 834 et
780 776 859 835 hunc
872 778 968 835 uirum
980 794 1072 835 unum
1085 796 1154 835 cum
1169 779 1259 837 altero
1273 779 1376 837 codice
1391 798 1465 839 con·

315 882 323 907 ⁸
338 872 447 931 fudisse
461 874 491 929 in
505 873 572 931 loco
586 873 625 931 ad
639 872 736 931 Carm.
750 874 807 931 68!

354 977 393 1035 B.
428 977 632 1048 Bononiensis,
661 998 700 1053 94
728 978 927 1037 Bibliothecae
955 977 1128 1037 Monosterii
1156 979 1238 1054 quod
1272 996 1352 1037 anno
1384 982 1462 1055 1863

316 1075 346 1135 S.
358 1075 515 1135 Scluatoris
525 1074 579 1133 suit
590 1074 749 1134 Bononiae.
782 1075 1027 1134 Membranaceus
1041 1088 1093 1145 est,
1108 1076 1196 1135 habet
1209 1076 1356 1135 Catullum
1369 1094 1464 1135 unum

313 1172 391 1232 loliis
407 1186 444 1247 53
459 1190 597 1231 uersuum
614 1185 660 1245 25.
704 1172 802 1230 Prima
820 1172 929 1247 pagina
947 1172 1082 1248 leguntur
1095 1172 1236 1231 XXXIV.
1255 1174 1463 1247 15—XXXV.

316 1289 352 1343 ¹4
371 1269 416 1326 Tu
429 1276 523 1344 poiens
542 1270 631 1327 traiecit
650 1276 676 1326 ei
693 1274 753 1327 noia
768 1268 979 1342 es-—Dindymi
990 1269 1128 1327 maican
1145 1288 1185 1328 ex
1203 1288 1232 1327 eo
1251 1271 1354 1329 miselle
1372 1271 1464 1331 altera

313 1367 440 1427 XXXV.
463 1365 682 1441 15-XXXVI,
704 1379 719 1440 7
745 1365 830 1443 Ignes
852 1368 1008 1425 intercornn
1028 1367 1113 1425 edunl
1130 1366 1462 1443 medullam—tardipedi,

313 1484 374 1542 quo
397 1465 542 1525 uocabulo
567 1464 665 1523 clausa
688 1474 732 1523 est
756 1465 882 1523 necdum
906 1464 989 1523 finita
1012 1466 1137 1541 paginae
1169 1467 1252 1524 tertia
1276 1468 1462 1541 prooemium

311 1562 463 1622 Ciceronis
475 1562 540 1620 libri
553 1561 600 1620 De
614 1561 726 1620 Officiis
742 1560 916 1637 Qrmmqaam
933 1568 966 1632 le,
979 1560 1082 1619 Marce
1092 1561 1368 1638 fili—Quamobrem
1381 1582 1463 1640 mag-

312 1670 408 1735 nopere
424 1666 449 1717 lc
465 1666 552 1730 oriar,
566 1661 610 1717 nei
621 1658 726 1730 Cicero,
745 1665 778 1716 rel
796 1677 851 1717 nan
868 1658 957 1716 solun
977 1660 1112 1718 nationes
1132 1678 1206 1718 meas
1225 1661 1275 1718 scel
1290 1660 1340 1717 hos
1359 1663 1463 1719 eoam:

313 1767 417 1833 quarta
429 1756 575 1833 quaedam
594 1755 697 1815 Latine
716 1756 832 1831 scrIpta,
847 1756 900 1815 sed
919 1756 960 1815 ita
978 1766 1012 1815 ut
1031 1774 1093 1815 non
1113 1758 1236 1815 omnino
1256 1758 1353 1833 legere
1373 1770 1463 1834 potu·

314 1855 395 1913 erim.
437 1853 496 1911 Iste
516 1852 646 1913 Catullus
665 1860 706 1911 cst
717 1852 750 1909 F
746 1855 871 1911 rancisci
880 1852 1016 1911 Barbari
1034 1852 1126 1913 Veneli
1136 1856 1258 1929 patrini
1273 1874 1326 1931 que
1339 1881 1384 1921 al.
1396 1876 1422 1916 c
1434 1876 1460 1917 v.

313 1950 417 2009 lanino
436 1950 568 2009 caralim
587 1968 636 2007 nea
655 1950 772 2009 docatus
792 1957 839 2020 est,
853 1968 914 2009 caen
934 1968 963 2008 eo
977 1952 1064 2025 peries
1080 1949 1204 2009 semino
1309 1952 1347 2010 ab
1365 1954 1462 2012 lonn-

310 2051 416 2108 lirsimc
442 2066 476 2106 ac
502 2049 657 2107 clarissimo
679 2050 765 2122 patri
789 2046 901 2107 Donato
931 2049 1129 2123 archiepiscopo
1156 2048 1318 2109 Cretensem
1343 2052 1463 2110 donans

299 2150 417 2227 fucisci
460 2146 572 2219 Quinta
594 2147 696 2224 incipit
719 2145 911 2223 Epigramma
933 2146 986 2205 Aa
1001 2150 1129 2222 poterim
1153 2150 1239 2219 mmo,
1264 2149 1332 2207 delo
1354 2149 1462 2209 Catulli

313 2246 410 2305 Carm.
426 2244 450 2304 Ι.
492 2244 580 2305 Initio
600 2246 663 2303 libri
684 2244 789 2321 legitur
807 2244 952 2303 distichon
971 2263 1031 2320 quo
1052 2244 1205 2304 Hermolai
1225 2244 1344 2304 Barbari
1364 2248 1461 2307 codex

312 2345 402 2404 luisse
424 2344 543 2417 dicitur;
565 2343 596 2401 iu
616 2343 718 2403 ultimo
739 2353 837 2403 autem
858 2342 929 2401 lolio
950 2344 1132 2419 epigramma
1151 2343 1461 2418 hendecasyllabomm

314 2462 362 2515 a4,
387 2443 434 2501 cui
457 2442 651 2518 subscriptum
676 2450 720 2499 est
742 2458 854 2499 nomen
874 2440 976 2499 Herm.
996 2440 1136 2499 Barbari.
1178 2441 1249 2500 Post
1269 2460 1294 2501 c.
1315 2442 1425 2502 CXVI.
1442 2447 1461 2503 8

310 2540 400 2599 habet
415 2540 527 2600 Catulli
544 2539 704 2598 Veroneeuis
720 2539 790 2597 leber
796 2540 890 2616 fimi;
913 2539 981 2598 dein
994 2537 1176 2614 Epeiaplericn
1190 2538 1267 2597 Iulli
1278 2539 1414 2600 Caesaris
1429 2543 1463 2599 de

307 2649 393 2714 precra
415 2640 446 2695 in
467 2656 547 2695 anne
567 2654 725 2695 summersa.
768 2636 891 2695 ‘Thrax
911 2654 983 2711 puer
1002 2636 1119 2695 astricto
1137 2636 1229 2712 glacie
1250 2638 1321 2695 dum
1339 2637 1413 2699 ludit
1430 2640 1461 2697 in

312 2739 319 2766 ‘
337 2733 452 2793 Hebro’
470 2740 545 2793 esa.
580 2732 751 2805 (Burmann.
772 2734 891 2793 Anthol.
909 2733 972 2793 Lac
988 2732 1025 2793 T.
1041 2732 1080 2793 II.
1101 2752 1129 2809 p.
1145 2736 1198 2809 62)
1213 2744 1276 2793 tum
1293 2736 1462 2811 epeiaplniaee

315 2830 407 2891 ccam·
415 2834 511 2905 equelc's
524 2830 658 2889 Romani.

477 2952 623 3027 Opalriae
635 2959 725 3010 reciae
740 2951 811 3012 Calo
819 2960 932 3028 pectore,
947 2954 1057 3013 ucenae
1069 2953 1176 3011 Hector

419 3084 421 3091 ·
474 3048 541 3107 Heu
555 3050 633 3107 decus
646 3053 789 3125 anii‘quan
803 3054 852 3108 uir
868 3050 1071 3126 Cinneipalma
1088 3050 1231 3121 moena

478 3144 566 3203 Ortus
579 3145 672 3204 Rama
686 3150 732 3204 lui
740 3148 816 3204 locres
829 3154 870 3205 est
876 3150 962 3222 papeia
977 3148 1122 3222 sepahlri.

309 3278 374 3328 tum
394 3264 501 3325 Iiiccicc'
516 3286 589 3326 anna
601 3266 646 3325 II
649 3264 659 3300 ¹
672 3268 859 3344 Panlc'ficalus
876 3267 1014 3326 Iohannis
1027 3266 1160 3326 XXIII.
1183 3267 1271 3327 VIII.
1290 3270 1325 3327 kl
1337 3269 1461 3345 Apulei.

309 3366 449 3425 Rc'ceaalli.
464 3366 633 3424 lc'eronieaecs
647 3364 777 3423 Dananes
786 3368 934 3441 palre'cius.
970 3364 1073 3424 Codex
1087 3376 1132 3425 est
1145 3367 1219 3424 inter
1233 3368 1460 3443 antiquissImos,

312 3462 447 3543 (scriptus
470 3475 513 3523 est
534 3464 613 3521 enirn
634 3482 713 3523 anno
738 3461 829 3540 1411)
851 3463 903 3521 sed
924 3463 1029 3521 militas
1050 3480 1154 3538 passus
1175 3465 1379 3525 correctiones.
1422 3466 1462 3525 Et

310 3573 379 3621 sunt
389 3580 451 3621 non
461 3562 547 3637 pauci
560 3559 617 3621 loci
632 3561 681 3620 ubi
695 3561 821 3637 primam
834 3560 990 3619 lechonem
1001 3561 1081 3619 nullo
1091 3561 1182 3619 modo
1196 3561 1275 3620 licuit
1286 3562 1459 3622 discernere.

311 3657 377 3717 Has
396 3669 495 3715 tamen
513 3658 683 3734 plerumque
698 3658 871 3733 dignoscere
885 3676 922 3715 eo
937 3668 998 3715 erat
1011 3657 1130 3728 facilius,
1145 3658 1226 3734 quod
1239 3659 1313 3717 inter
1327 3658 1460 3718 Bononi-

310 3774 413 3815 ensem
427 3765 456 3813 et
469 3754 695 3813 Laurentianum
710 3772 722 3811 1
740 3772 774 3813 ac
788 3754 964 3813 Vaticanum
978 3756 1106 3813 mamma
1119 3764 1164 3813 est
1177 3756 1341 3815 consensio.
1379 3756 1459 3815 Nam

309 3854 342 3911 in
362 3853 499 3912 omnihus
518 3862 550 3911 ut
572 3853 659 3910 etiarn
679 3853 710 3910 in
731 3852 862 3910 Parisino
879 3854 916 3909 82
921 3871 958 3926 33
980 3863 1010 3911 et
1030 3852 1219 3929 Phillippensi
1239 3872 1394 3929 peruersus
1414 3867 1460 3915 est

309 3952 385 4011 ordo
399 3950 561 4010 carminum
575 3948 817 4019 XXIV-LXII,
832 3969 907 4026 quae
928 3951 970 4009 sic
991 3968 1022 4009 se
1043 3952 1191 4027 excipiunt
1209 3950 1320 4009 XXIV.
1340 3969 1376 4009 10
1398 3952 1461 4011 Nec

308 4068 421 4108 seruum
436 4055 525 4105 lamen
539 4048 586 4105 ille
599 4046 681 4105 labet
691 4066 773 4123 neque
785 4067 891 4119 arcam,
907 4047 1016 4106 XLIV.
1032 4068 1067 4107 ar
1087 4048 1147 4119 Qui
1162 4056 1228 4108 lunc
1245 4056 1326 4106 uocat
1340 4068 1383 4108 nee
1397 4070 1459 4109 aaa

308 4150 414 4209 ndum
433 4148 537 4205 libram
558 4148 625 4223 legii
642 4164 736 4222 usque
755 4147 793 4205 ad
814 4146 909 4205 LXII.
925 4148 963 4205 66
984 4145 1096 4221 Hymen
1119 4146 1145 4205 0
1165 4147 1328 4224 Hymenaee,
1347 4146 1461 4222 Hymen

308 4246 373 4305 ades
386 4264 402 4304 a
415 4244 578 4318 Hymenaee,
593 4242 689 4303 XXV.
705 4262 717 4301 1
737 4242 857 4305 Cinaede
873 4241 953 4301 Tolle
968 4245 1077 4303 mollior
1088 4246 1215 4303 nem'euli
1224 4246 1331 4320 capello,
1345 4244 1460 4304 LXIII.

313 4363 339 4415 1,
362 4343 418 4403 nisi
442 4341 522 4421 quod
547 4340 743 4401 Bononiensls
771 4350 801 4400 et
825 4340 1029 4419 Phillippensis
1055 4352 1171 4419 ponunt
1194 4343 1303 4403 XLIV.
1328 4361 1362 4401 ar
1389 4356 1460 4420 post

781 4466 791 4498 ²
808 4468 831 4515 h.
841 4483 861 4515 e.
872 4470 979 4517 secundo.
