3142 5059
489 365 717 427 CARMINVM
745 364 935 426 CATVLLI.
1223 368 1281 423 2³9

134 550 274 630 strophas
294 551 455 628 dispertiuit
474 551 800 629 hendecasyllaborum
822 548 908 608 XLII
930 549 960 608 in
983 546 1056 607 duas
1079 546 1282 605 duodenorum

133 649 264 725 repetitis
284 649 382 709 uerbis
403 649 484 707 redde
502 650 661 717 πάππου
690 649 774 708 XLV
794 650 824 706 in
846 648 919 706 duas
940 645 1075 722 strophas
1098 660 1282 703 nonenorum

133 765 205 806 cum
232 747 331 823 epodo
359 749 487 824 repetitis
515 748 649 807 uersibus
671 746 737 805 Hoc
763 753 796 805 ul
821 747 901 804 dz'rcit
921 762 1001 803 amor
1025 745 1143 802 neritra
1167 750 1200 801 ut
1220 748 1284 800 ante

132 842 283 902 Dextram
306 846 426 902 imma?
446 845 683 919 approbationem:
704 853 733 903 et
756 844 788 901 in
812 842 857 902 his
884 842 1069 918 partitionem
1092 839 1160 897 lecit
1186 856 1283 915 neque

132 941 216 1000 idem
243 941 406 1017 legentibus
430 942 607 1001 declarauit?
632 940 688 1001 Cui
711 943 812 1001 omnia
838 950 916 999 tersa
941 956 975 997 ac
999 938 1090 1014 polita
1113 936 1282 1013 placuerint,

132 1038 215 1097 hunc
229 1040 332 1098 credas
345 1039 473 1099 libellum
488 1059 573 1100 suum
587 1058 649 1099 non
662 1040 743 1099 omni
760 1058 829 1098 cura
847 1038 1038 1115 perscriptum
1058 1044 1146 1111 atque
1164 1035 1194 1091 in
1214 1051 1282 1091 suas

132 1144 233 1211 partes
248 1136 393 1211 digestum
406 1137 557 1196 emisisse?
599 1137 669 1197 Hoc
684 1148 713 1196 et
726 1138 843 1196 artificis
857 1144 919 1194 erat
932 1144 961 1193 et
975 1134 1053 1193 docti
1067 1142 1180 1209 poetae.
1223 1129 1282 1191 Sed

131 1232 183 1291 fac
197 1234 337 1305 diuisisse,
351 1253 447 1311 neque
461 1234 491 1293 id
504 1244 603 1295 nmen
617 1236 796 1311 significasse
810 1234 896 1293 notis.
932 1232 1012 1292 Num
1027 1232 1135 1291 idcirco
1150 1229 1281 1288 fortuitas

133 1329 219 1389 ducis
239 1331 308 1389 istas
329 1332 513 1409 stropharum
533 1351 569 1392 ac
589 1334 714 1409 partium
735 1332 964 1392 concentiones?
1007 1330 1111 1402 ‘Quae
1132 1340 1176 1388 est
1195 1328 1282 1403 igitur

131 1431 209 1485 ‘aut
231 1428 282 1486 ubi
306 1438 436 1488 uersatur
458 1429 638 1488 fortuitarum
663 1448 760 1488 rerum
784 1430 937 1488 conditio?
979 1426 1063 1500 Quae
1092 1426 1170 1485 enim
1197 1442 1280 1501 prae-

131 1524 256 1583 ‘sentiri
277 1534 327 1584 aut
347 1536 408 1585 arte
429 1536 477 1586 aut
498 1528 610 1585 ratione
629 1538 679 1586 aut
695 1546 750 1586 usu
766 1538 816 1586 aut
835 1527 1001 1585 coniectura
1017 1534 1149 1601 possunt,
1164 1540 1199 1581 ea
1219 1540 1281 1580 non

133 1622 266 1681 ‘dirunis
286 1624 441 1683 tribuenda
461 1626 558 1695 credo,
580 1626 632 1684 sed
653 1622 785 1701 peritis¹.'
828 1623 931 1701 Itaque
952 1624 976 1682 si
997 1623 1063 1699 quis
1083 1621 1281 1680 Porsonianae

132 1719 181 1777 isti
202 1736 324 1778 normae
350 1720 387 1779 de
410 1722 529 1781 senariis
557 1721 750 1798 Tragicorum
777 1722 885 1781 obiciat
912 1721 994 1797 quod
1021 1738 1077 1777 nec
1104 1728 1217 1777 ueteres
1242 1718 1282 1775 ita

132 1818 336 1891 praeceperint
349 1827 379 1875 et
399 1818 457 1876 sint
471 1818 606 1895 exempla
619 1820 725 1895 quibus
743 1820 910 1888 infirrnetru,
925 1835 996 1876 casu
1013 1818 1099 1893 igitur
1115 1814 1231 1873 euenire
1250 1824 1282 1872 ut

131 1912 160 1973 si
188 1914 318 1972 iambum
345 1917 469 1975 creticus
496 1917 619 1989 claudat,
646 1918 744 1977 breuis
771 1917 857 1976 toties
885 1916 1040 1994 praecedat
1068 1914 1195 1989 syllaba;
1229 1930 1281 1971 cur

131 2013 249 2087 neges?
291 2011 369 2083 Quia
396 2013 472 2073 adeo
499 2013 629 2090 pluribus
656 2015 769 2074 obtinet
795 2016 867 2074 locis
894 2034 983 2092 qnam
1011 2012 1134 2072 uiolatur
1161 2019 1193 2069 ut
1219 2028 1280 2068 non

130 2110 260 2187 potuerit
282 2127 343 2167 non
367 2112 412 2169 ius
433 2110 541 2169 habere
564 2112 673 2171 ar‘dficii
695 2131 756 2189 quo
778 2113 879 2188 tragici
901 2112 1015 2171 iambos
1037 2127 1105 2169 suos
1125 2126 1143 2166 a
1161 2107 1281 2167 comicis

132 2207 366 2266 discriminarint.
408 2208 572 2268 Adhibetur
591 2211 671 2268 enirn
695 2221 756 2270 tam
781 2220 949 2269 constanter
972 2218 1004 2267 ut
1027 2206 1137 2265 mireris
1163 2206 1186 2263 si
1210 2204 1281 2280 quid

131 2314 236 2364 oontra
257 2305 420 2364 occurrerit.
462 2306 501 2364 Et
524 2306 581 2365 hoc
603 2307 723 2383 quidem
746 2309 806 2366 iarn
829 2316 940 2366 certum
962 2316 991 2365 et
1013 2304 1195 2380 exploratum
1219 2320 1281 2359 cre-

131 2401 211 2461 ditur
218 2421 228 2473 ;
258 2402 395 2462 incertius
422 2403 492 2462 illud
519 2404 601 2481 quod
628 2404 795 2464 Meinelrius
822 2414 851 2463 et
879 2402 1086 2462 Lachmannus
1115 2399 1151 2458 de
1175 2398 1282 2457 Horati

130 2500 311 2559 carminibus
325 2512 543 2577 praecepenmt,
558 2512 591 2561 ut
603 2503 703 2561 omnia
721 2503 751 2560 in
765 2502 901 2577 strophas
918 2499 1062 2576 redegerit
1075 2505 1282 2575 quaternorum

130 2615 280 2656 uersuum.
318 2598 378 2657 Vbi
397 2601 476 2658 enim
497 2600 631 2677 strophas
645 2601 710 2675 ipso
731 2610 825 2658 metro
847 2599 983 2669 diuiserit,
997 2607 1153 2673 quaternos
1177 2611 1281 2653 uersus

131 2697 256 2772 singolis
270 2698 398 2773 strophis
412 2716 539 2775 ponere;
561 2718 598 2757 ex
612 2700 647 2758 iis
661 2710 759 2758 autem
774 2717 850 2776 quae
864 2700 1008 2772 Ισομίτρωε
1022 2696 1175 2774 scripserit,
1190 2712 1282 2754 unum

130 2810 200 2852 esse
214 2794 295 2870 quod
307 2794 385 2854 hanc
398 2795 573 2855 diuisionem
587 2814 649 2855 non
662 2797 795 2872 patiatur,
811 2796 864 2854 IV.
875 2799 910 2869 8;
931 2795 988 2854 hoc
1002 2804 1100 2854 autem
1115 2794 1199 2870 sigua
1212 2810 1283 2869 prae

131 2908 167 2949 se
187 2890 262 2950 ferre
283 2894 440 2951 hubarum.
482 2893 574 2965 Quod
594 2904 697 2952 contra
716 2895 741 2952 si
762 2896 828 2971 quis
849 2894 968 2965 dixerit;
991 2902 1020 2951 at
1037 2901 1150 2968 septem
1170 2900 1283 2949 tannim

131 3006 173 3048 ex
193 2990 369 3048 carmimbus
382 2990 426 3047 IV
440 2990 580 3050 librorum
601 2992 716 3067 scripsit
736 2992 877 3064 ἰσόμετρα;
900 3009 937 3049 ex
956 2991 1001 3049 his
1020 3000 1132 3066 septem
1149 2989 1173 3047 si
1190 3006 1283 3047 unum

131 3104 197 3145 non
221 3096 318 3163 potest
342 3106 395 3163 per
419 3089 554 3164 strophas
578 3089 774 3165 quaternarias
800 3088 897 3159 diuidi,
920 3098 1017 3165 potest
1038 3105 1091 3163 per
1115 3086 1283 3162 inaequales

131 3183 269 3261 (444444
285 3203 323 3258 33
339 3182 381 3262 4),
402 3184 482 3243 idem
504 3186 600 3261 potuit
621 3186 709 3245 etiam
730 3186 760 3243 in
781 3196 878 3245 cetera
897 3204 947 3244 ses
968 3185 1089 3255 cadere;
1111 3183 1181 3242 nihil
1198 3183 1228 3240 in
1245 3199 1282 3241 eo

130 3284 200 3359 ipso
222 3292 282 3340 tam
302 3291 347 3341 est
367 3284 522 3353 turbatum,
543 3283 623 3359 quod
644 3300 706 3340 non
727 3282 810 3342 facile
831 3282 999 3359 explicaris;
1022 3282 1189 3340 aduersatur
1211 3280 1282 3337 anti-

132 3379 253 3456 quitatis
266 3379 390 3450 traditio,
405 3380 430 3438 si
441 3379 559 3456 quidem
573 3380 755 3455 grammatici
768 3390 881 3438 ueteres
895 3378 968 3437 odas
981 3380 1145 3449 porcilianos
1159 3378 1284 3435 δικόλουε

130 3480 312 3549 superbiave
331 3476 484 3552 diligenter
504 3476 705 3547 distinxerunt,
726 3475 797 3533 nihil
818 3476 855 3534 de
875 3475 933 3533 hoc
954 3474 1088 3533 dixerunt
1098 3491 1106 3545 ;
1129 3472 1282 3548 quomodo

131 3590 198 3633 rem
222 3573 362 3634 decidas?
402 3572 539 3633 Fortasse
562 3592 625 3633 non
647 3574 776 3649 poteris3
807 3572 860 3631 sed
885 3572 964 3632 dices
988 3588 1095 3648 pausas
1120 3569 1283 3629 carminum

131 3672 280 3744 ῐσομίτρυν
300 3689 367 3730 cum
388 3672 487 3747 pausis
508 3689 671 3747 congruere
691 3671 867 3748 reliquorum
887 3669 1001 3741 Horati,
1019 3668 1043 3727 si
1062 3676 1129 3745 post
1147 3678 1283 3745 quartum

131 3785 282 3846 quemque
302 3785 420 3827 uersum
440 3768 591 3840 incideris;
616 3768 675 3827 hoc
699 3769 771 3826 nihil
796 3768 962 3845 diligentius
982 3766 1163 3845 quaesiuisse
1185 3766 1284 3827 Hora·

131 3870 218 3938 tium,
232 3886 287 3927 nec
301 3868 332 3925 in
345 3866 405 3927 nlla
418 3886 449 3926 re
463 3878 525 3926 tam
541 3877 618 3927 certe
632 3868 776 3926 imitatum
791 3868 923 3927 Graecos
930 3887 939 3941 3
961 3885 1026 3927 esse
1047 3866 1135 3943 igitur
1155 3866 1284 3925 artificii:

130 3982 239 4043 parum
252 3964 340 4041 igitur
354 3964 452 4023 ualere
465 3966 547 4041 quod
563 3964 594 4022 in
607 3982 669 4023 uno
686 3966 816 4025 carmine
830 3964 929 4025 locum
950 3984 1012 4024 nou
1032 3974 1139 4035 teneat,
1154 3982 1285 4041 praeser-

129 4066 187 4125 tim
201 4065 333 4122 turbato:
355 4080 421 4122 esse
434 4072 533 4122 autem
547 4062 681 4138 strophas
695 4062 727 4120 in
740 4063 807 4122 odis
823 4064 980 4138 ἰσομέτροις,
994 4062 1064 4121 nihil
1078 4063 1184 4121 mirum
1202 4061 1226 4119 si
1240 4080 1286 4119 re·

131 4162 279 4223 centiores
289 4160 430 4232 dubitent,
441 4177 510 4220 cum
521 4160 679 4219 dubitarint
689 4161 778 4219 etiam
788 4170 912 4234 ueteres,
921 4160 1009 4238 idque
1017 4160 1048 4219 in
1062 4160 1161 4219 metris
1176 4158 1282 4234 quibus

567 4368 577 4398 ¹
594 4370 643 4417 cic.
655 4371 684 4416 dc
696 4370 773 4417 Diria.
785 4370 816 4416 11.
829 4382 852 4430 5.
