3142 5059
298 379 357 434 850
756 373 978 434 EXCVRSVS.

296 561 445 622 uooebulis
471 579 546 638 quse
573 561 698 620 sonitum
723 559 897 630 describunt,
917 559 1029 618 literam
1049 559 1059 616 i
1078 559 1232 635 praecipue
1254 556 1434 616 affectabant

298 659 433 730 Romani,
456 659 543 737 idque
570 676 630 718 non
658 657 752 717 solum
777 659 827 716 ubi
850 657 1041 734 praecedente
1068 657 1157 716 ultera
1177 657 1187 714 i
1208 673 1297 715 cansa
1318 655 1436 714 anoedit

296 759 512 829 consonantiae,
534 767 566 818 ut
587 757 710 834 plipim
735 757 876 834 nnmpnre
901 757 1044 815 smsmare
1068 757 1163 814 iurare
1180 757 1302 832 pepulere
1322 756 1434 830 peu'm'·

296 863 359 915 iare
377 857 497 929 se'brlare,
518 856 571 916 sed
591 857 678 916 etism
701 855 770 914 alias
791 864 824 914 ut
842 855 976 914 trun'laee
988 857 1119 932 pum'iare
1136 855 1274 932 negitare
1287 857 1436 930 grauiore

290 954 450 1030 plauselare
473 953 631 1030 glauciiare
646 951 788 1031 san'llare
813 953 943 1012 soccelan
963 955 1103 1027 parmiare
1127 951 1273 1010 bomiiiare
1298 961 1331 1009 ut
1359 949 1434 1008 nihil

298 1053 393 1112 dicam
412 1053 449 1112 de
466 1053 500 1110 iis
513 1053 563 1112 ubi
576 1053 585 1110 i
599 1051 718 1128 singulis
732 1051 848 1128 syllabis
861 1051 987 1112 recurrit
1000 1061 1033 1110 ut
1046 1051 1157 1108 lennem
1174 1051 1285 1107 micn‘re
1302 1051 1434 1107 militnm

292 1152 407 1228 gliccire
427 1151 577 1228 finie'rmire
610 1152 725 1228 m'tpr're
742 1150 900 1230 srr'te'nm're
930 1152 1055 1210 nimnire
1078 1195 1085 1208 .
1111 1148 1290 1226 Pipillanti
1327 1149 1435 1223 legitur

298 1249 384 1308 etism
407 1250 436 1308 in
457 1249 639 1326 inscriptione
665 1249 816 1326 sepulcrali
837 1266 874 1307 ex
895 1267 965 1308 unse
987 1259 1111 1326 sumpta,
1131 1247 1243 1325 (Meyer
1264 1247 1384 1306 Anthol
1405 1247 1432 1305 1.

302 1344 391 1424 ¹459)
419 1364 494 1424 quse
521 1348 545 1406 si
573 1348 684 1408 sincera
704 1358 748 1407 est
771 1349 809 1408 ad
830 1345 936 1406 Catulli
962 1365 1081 1407 carmen
1108 1357 1226 1423 spectet
1280 1344 1434 1404 lusciniae

298 1443 486 1504 Philumenae.
510 1463 549 1506 ex
571 1449 682 1505 aurarii>
704 1445 898 1518 Danuuium,
919 1447 1026 1505 selectae
1047 1447 1210 1505 uersi'colem'
1228 1445 1435 1522 pulcherrimae

297 1545 447 1602 caniairiei
465 1546 646 1604 sunuiisemae
662 1545 784 1603 omnibus
800 1547 906 1622 graiei's
929 1544 970 1601 ad
984 1545 1102 1621 &gelum
1116 1544 1283 1620 pe'piilanti.
1298 1589 1305 1602 .
1320 1589 1329 1602 .
1344 1589 1351 1603 .
1365 1542 1434 1602 Heu

299 1645 402 1704 mitella
415 1645 526 1704 arueula
540 1643 605 1704 hieu
618 1644 678 1702 e'nde
691 1643 826 1704 uoli’iabas
838 1650 893 1702 iota
901 1645 1026 1720 garrula
1039 1643 1214 1720 totasesinea.

581 1955 781 2018 ADDENDA
813 1956 1144 2018 PROLEGOMENIS.

339 2149 426 2210 Locis
447 2167 522 2227 quos
544 2169 579 2210 ex
604 2147 718 2210 Catullo
740 2151 842 2210 citatos
866 2151 988 2210 snecuis
1012 2149 1094 2223 XIV,
1114 2150 1170 2208 XV
1192 2152 1273 2212 attuli
1292 2151 1434 2231 Prolego·

299 2265 407 2306 menon
420 2266 469 2325 pp.
483 2249 569 2308 x-xvi
583 2249 612 2308 hi
625 2249 775 2310 secedunt.

338 2380 412 2441 Cod.
428 2381 509 2442 Harl.
525 2385 612 2457 6514.
644 2381 766 2441 Direeus
786 2382 935 2460 Amphion.
975 2381 1035 2442 Illa
1053 2403 1122 2460 quae
1135 2390 1251 2460 propter
1270 2386 1434 2462 uoluptatem

298 2481 534 2556 incunditaiemque
563 2499 631 2556 quae
660 2481 722 2540 inde
752 2481 829 2540 nobis
856 2483 1022 2558 penitemini!
1045 2485 1232 2559 proponemus,
1259 2503 1313 2541 non
1344 2491 1435 2542 auum

293 2583 405 2656 propter
421 2580 578 2656 dignantem
595 2587 646 2638 eut
662 2581 825 2639 unitiatem:
852 2581 919 2639 hieu
940 2598 1062 2657 passer
1089 2581 1209 2641 delitie
1236 2600 1332 2641 meae
1356 2584 1437 2642 diecti

301 2677 438 2738 Catullus.
486 2676 525 2736 In
540 2679 688 2755 singulari
703 2685 792 2736 autem
813 2677 933 2737 delitis
955 2679 1032 2756 n'gm
1043 2680 1141 2756 specim
1158 2687 1264 2738 estant
1279 2700 1298 2738 a
1317 2683 1435 2740 culmme

297 2777 422 2852 aiegulas
443 2793 541 2834 uermes
557 2775 743 2852 sustr'geiaium
764 2773 795 2855 (l.
813 2775 1001 2855 fastigiatum)
1020 2778 1176 2836 collocatum
1199 2781 1270 2837 unde
1291 2786 1317 2837 ei
1337 2787 1433 2839 iccium

298 2873 449 2930 dele'ti'aium
469 2879 495 2930 ei
510 2873 595 2950 tegule
614 2874 752 2932 deliie'arer
767 2919 773 2933 .
788 2875 840 2933 leem
859 2878 927 2934 telus
947 2875 1040 2955 (Hinc
1056 2874 1153 2957 Titus)
1175 2876 1337 2955 Vespasiani
1347 2880 1434 2956 filius

293 2977 407 3048 propter
420 2969 584 3030 elementiam
598 2977 624 3027 ei
635 2972 822 3032 liberaliiaiem
834 2969 914 3032 meam
926 2975 1014 3033 deli'ii‘e
1026 2975 1146 3034 humani
1150 2979 1260 3053 generis
1271 2977 1359 3036 diener
1372 2984 1418 3037 esi.

340 3100 415 3162 Vide
430 3102 507 3161 Paul
524 3101 606 3162 Diae.
621 3121 649 3180 p.
667 3117 703 3180 73
719 3103 850 3178 Mueller,
865 3105 984 3166 Sueton
998 3106 1084 3166 Titus
1098 3107 1121 3167 1.

342 3234 495 3296 Petrareha
514 3235 545 3293 de
566 3236 689 3294 remediis
710 3239 852 3314 utriusque
859 3237 1000 3316 fortunae
1020 3239 1112 3300 Praei.
1127 3240 1191 3299 Lib.
1206 3240 1246 3302 11.
1266 3260 1295 3318 p.
1313 3262 1371 3315 104
1388 3245 1433 3304 erl

300 3331 386 3394 Basil.
401 3337 474 3408 1581
499 3331 652 3394 Sneltorum
672 3336 749 3394 relus
762 3354 815 3412 que
828 3339 913 3413 inepto
926 3356 970 3396 res
983 3337 1098 3413 ineptiae
1114 3340 1193 3398 nulla
1205 3348 1246 3399 esi
1257 3349 1291 3399 ul
1303 3341 1436 3402 Catullus

302 3435 350 3493 ait.
391 3431 435 3492 Cl.
450 3431 515 3492 Cat.
529 3431 669 3492 XXXIX.
684 3437 728 3491 16.

340 3561 384 3622 ld.
399 3561 423 3620 1.
439 3578 486 3637 59,
505 3582 535 3640 p.
551 3578 588 3638 55
604 3563 649 3622 ed.
665 3563 750 3623 Basil.
801 3564 908 3623 Pastor
925 3569 982 3626 eris
1002 3567 1118 3645 officium
1138 3570 1195 3626 eale
1213 3571 1439 3631 laudamine

300 3681 318 3719 a
340 3662 432 3719 mullei
453 3669 515 3720 anie
535 3663 603 3720 alens
623 3681 641 3721 a
665 3661 775 3722 Catullo
797 3661 947 3723 Veronensi.
989 3664 1025 3725 In
1045 3685 1105 3743 quo
1125 3685 1234 3728 errasse
1251 3669 1436 3730 Petrnrcham

302 3758 486 3818 manifestum
501 3770 544 3818 est
552 3779 560 3834 ;
582 3771 700 3820 uenerat
713 3761 743 3820 in
756 3773 884 3822 mentem
898 3763 1006 3824 Tibulli
1019 3766 1044 3825 I.
1056 3785 1068 3823 1
1086 3767 1133 3825 uel
1147 3767 1170 3825 I.
1183 3782 1200 3842 5
1214 3769 1262 3827 nel
1274 3769 1314 3827 11.
1326 3789 1344 3844 3
1360 3789 1437 3847 quae

301 3856 402 3932 Elegia
416 3868 477 3916 tota
490 3869 534 3918 est
549 3859 585 3918 de
600 3877 673 3918 rure.

341 3991 384 4051 Id.
399 3991 422 4050 l.
435 3993 483 4067 69,
497 4011 525 4069 p.
538 3995 575 4069 63
593 3991 671 4065 Quill
680 4015 718 4054 ex
732 3998 832 4055 uestris
848 3996 968 4056 ouini)
983 3997 1115 4059 Catullo?
1128 4001 1294 4078 Propertii?
1310 4001 1439 4062 Tibullo?

301 4109 417 4168 quorum
437 4092 545 4150 nullum
556 4094 652 4170 serme
670 4097 728 4152 nisi
743 4099 908 4156 antelmium
926 4104 1078 4174 estpoenm.
1119 4099 1216 4159 Etiam
1235 4101 1265 4159 in
1282 4101 1327 4161 his
1343 4101 1438 4162 Nulla

290 4191 395 4268 fugae,
409 4191 488 4248 nulla
508 4199 566 4266 spes
585 4192 672 4267 igez'tm
690 4201 730 4250 esi
745 4195 844 4254 salutii
860 4215 934 4272 quae
953 4198 983 4255 in
999 4197 1104 4256 eodem
1121 4199 1195 4258 libro
1209 4218 1237 4276 p.
1251 4219 1288 4275 32
1304 4201 1438 4278 leguntur

303 4289 448 4351 Catullum
475 4289 596 4350 fortasse
624 4293 757 4366 respexit.
810 4292 855 4354 Cf.
875 4293 982 4354 LXIV.
1001 4299 1057 4354 186
1078 4295 1182 4357 Nulla
1206 4297 1307 4375 fugae
1333 4301 1435 4370 ratio,
1461 4356 1465 4362 .

302 4390 397 4450 nulla
418 4409 510 4466 spes.
