3142 5059
623 389 679 452 AD
701 391 723 454 t.
746 413 772 466 4.
1207 395 1265 450 scr

121 585 227 646 quem
256 567 365 649 (LIII),
380 569 532 632 Othonis
559 571 791 656 caput(L1V),
820 570 977 645 Oramus,
1004 573 1034 633 si
1060 573 1150 633 forte
1176 569 1267 647 (LV),

119 681 251 740 quonam
265 665 384 726 dimidia
397 685 468 727 sane
481 685 549 744 pars
569 669 642 728 iram
662 679 921 748 contemptumque
942 670 1086 747 exprimit,
1103 677 1199 730 cetera
1217 675 1269 728 aut

120 762 223 822 media
246 773 315 827 suut
334 774 383 824 aut
404 782 472 825 cum
492 783 593 826 amore
613 784 649 826 ac
669 767 778 834 deicis
798 768 1022 844 coniunguntur.
1063 766 1149 841 Quae
1167 767 1267 826 iambo

120 859 172 920 uel
186 860 323 924 trochaeo
337 862 368 922 in
381 863 475 940 prima
489 863 558 924 sede
572 873 679 938 carent,
693 865 765 930 haec
779 875 847 926 sunt
859 865 1028 925 Viuamus
1048 883 1124 925 mea
1141 864 1269 925 Lesbia

121 969 229 1036 atque
248 977 399 1022 amemus
414 960 478 1036 (V),
492 960 599 1034 Flaui,
615 961 761 1028 deliclas
779 972 856 1026 tuas
870 962 1009 1023 Catullo
1024 963 1103 1038 (VI),
1114 961 1269 1022 Veranni

122 1058 290 1117 omnibus
309 1075 327 1120 a
346 1059 433 1121 meis
453 1059 575 1119 amicis
590 1058 669 1135 (IX),
684 1061 797 1124 Varus
817 1079 869 1120 me
889 1080 985 1121 meus
1009 1063 1052 1122 ad
1073 1077 1155 1121 suos
1177 1078 1268 1120 amo·

121 1171 180 1214 res
204 1154 268 1230 (X),
292 1155 445 1218 Cenabis
468 1157 558 1217 bene
581 1160 627 1217 mi
648 1157 794 1224 Fabulle
820 1158 912 1236 apud
935 1177 988 1219 me
1011 1156 1123 1239 (XIII),
1145 1156 1211 1218 Nei
1234 1168 1269 1217 te

122 1252 205 1331 plus
231 1253 346 1314 oculis
378 1254 466 1316 meis
499 1273 649 1316 amarem
677 1257 786 1340 (XIV),
814 1257 1030 1319 Commendo
1057 1258 1121 1317 tibi
1148 1275 1201 1316 me
1229 1275 1269 1316 ac

122 1371 222 1412 meos
246 1370 383 1416 amores
406 1349 498 1434 (XV),
520 1353 696 1416 Pedicabo
721 1374 786 1435 ego
814 1375 879 1417 uos
903 1366 937 1415 et
961 1356 1136 1416 irrumabo
1158 1352 1270 1434 (XVI),

122 1452 252 1524 Aureli,
273 1462 373 1530 pater
400 1449 627 1516 e'suritionum
649 1453 758 1538 (xxt),
783 1455 894 1526 Furei,
925 1457 981 1516 cui
1007 1475 1119 1534 neque
1147 1474 1269 1516 seruus

122 1562 179 1612 est
204 1570 317 1629 neque
344 1569 425 1614 arca
452 1549 592 1632 (XXIII),
624 1552 652 1616 O
681 1555 739 1634 qul
769 1553 937 1614 flosculus
965 1573 1001 1614 es
1029 1554 1268 1615 quentiorum

123 1647 263 1730 (XXIV),
283 1649 365 1709 Furi
387 1649 511 1714 uillula
531 1659 652 1714 nostra
671 1669 742 1716 uon
765 1651 808 1711 ad
828 1653 948 1712 Austri
968 1651 1106 1731 (XXVI),
1127 1653 1269 1714 Pisonis

122 1751 283 1821 comites,
303 1747 432 1810 cohors
452 1749 566 1810 inanis
587 1748 757 1823 (XXVIII),
780 1749 883 1810 Saiue
904 1769 968 1810 nec
989 1751 1132 1810 minimo
1154 1751 1271 1828 puella

123 1866 213 1909 naso
235 1842 371 1925 (XLIII),
399 1847 473 1912 Iam
500 1864 560 1906 uer
588 1846 746 1926 egelidos
773 1848 884 1908 refert
911 1858 1051 1925 tepores
1076 1849 1212 1928 (XLVI),
1240 1849 1270 1909 0

123 1966 198 2009 rem
218 1947 410 2020 ridiculam,
424 1947 521 2019 Cato,
536 1953 569 2006 et
587 1945 744 2012 iocosam
760 1945 866 2021 (LVI),
885 1945 982 2006 Caeli
1003 1946 1131 2007 Lesbia
1150 1957 1272 2008 nostra

123 2047 256 2108 Lesbia
287 2046 348 2106 illa
382 2042 520 2126 (Lvlll),
550 2046 673 2112 sonasse
700 2047 789 2106 etiam
817 2044 965 2105 Pulchre
1005 2046 1172 2106 conuenit
1212 2046 1271 2104 int·

123 2145 247 2222 probis
281 2143 440 2205 cinaedis
475 2142 598 2220 (LVII),
633 2143 662 2208 O
696 2143 809 2206 lurum
845 2143 976 2220 optime
1012 2143 1269 2204 balneariorum

123 2239 297 2322 (XXXIII).
346 2242 384 2304 ln
405 2243 573 2306 aduersum
597 2241 727 2309 carmina
748 2241 778 2299 in
802 2241 907 2318 quibus
929 2241 1176 2319 hendecasyllabis
1199 2259 1271 2302 usus

124 2351 170 2402 est
192 2341 323 2402 Catullus
344 2352 414 2402 sunt
433 2359 524 2402 unum
545 2351 574 2401 et
594 2341 803 2422 quadraginta
832 2339 1001 2401 trochaeum
1020 2340 1069 2400 uel
1089 2341 1219 2400 iambum
1239 2341 1271 2400 in

129 2441 227 2518 primo
241 2439 317 2517 pede
331 2440 497 2518 septuagies
511 2438 570 2502 lere
584 2441 690 2518 posuit.

166 2538 253 2598 Haec
272 2538 343 2597 mihi
360 2537 557 2602 consideranti
572 2557 640 2600 cum
654 2536 805 2614 Coningto
818 2535 985 2614 protulisset
996 2555 1115 2596 uersum
1128 2535 1270 2595 Martialis

126 2636 149 2697 1.
166 2638 241 2696 61.1
267 2635 374 2696 Verona
396 2637 470 2696 docti
491 2637 613 2714 syllabus
639 2642 717 2695 mna(
741 2637 824 2707 uehi,
848 2636 973 2696 occurrit
993 2635 1123 2714 potuisse
1144 2635 1271 2695 Plinium

124 2735 234 2794 eodem
253 2735 344 2794 modo
365 2734 481 2796 dIcendl
498 2735 548 2808 uti,
563 2751 623 2813 quo
638 2733 778 2794 Martialis
797 2735 838 2793 ibi
851 2752 921 2794 usus
942 2744 995 2794 est.
1037 2733 1171 2812 Syllabae
1191 2734 1272 2792 enim

125 2835 268 2894 Martialis
295 2845 364 2894 sunt
390 2835 632 2918 hendecasyllabi.
687 2833 791 2912 ltaque
820 2835 879 2895 boc
905 2833 1030 2894 Plinium
1061 2833 1169 2894 dixisse
1202 2851 1271 2894 cen·

22 2995 28 3002 ,
125 2951 188 2992 seo.
230 2932 339 2992 ‘Statui
363 2932 494 2994 licentius
515 2942 544 2998 ta
566 2933 694 3011 adloqui,
714 2933 783 3009 quia
805 2950 921 3009 semper
944 2931 1051 3010 putasti
1073 2952 1138 2994 esse
1161 2933 1272 3011 aliquid

127 3035 233 3089 ‘meas
251 3047 354 3106 nugas,
376 3041 408 3090 ut
428 3029 532 3092 Catrdli
548 3031 645 3092 uerbis
663 3032 797 3108 quamuis
816 3031 1012 3110 impudentius
1030 3051 1079 3091 me
1098 3031 1271 3097 defendant

127 3129 234 3188 ‘cuius
252 3128 421 3205 exemplum
440 3137 557 3192 secunus
580 3129 638 3206 (ille
659 3130 738 3188 enim
758 3131 874 3190 omissis
894 3130 1151 3207 hendecasyllabis,
1166 3131 1274 3209 quibus

125 3233 182 3287 ‘se
218 3237 306 3288 antea
343 3227 557 3294 delicatioribus
587 3227 688 3288 amicis
724 3227 952 3297 commendarat,
989 3245 1091 3287 uersus
1125 3228 1272 3303 elegiacos

123 3324 307 3385 ‘scribendo
335 3324 482 3386 duriorem
509 3343 542 3386 se
567 3322 635 3387 fecit
662 3341 751 3400 quarn
772 3323 844 3383 dum
866 3324 901 3382 iis
927 3323 990 3384 uult
1010 3323 1137 3400 placere)
1165 3324 1272 3385 faciant

125 3428 200 3482 ‘mc
228 3422 375 3483 duriorem
404 3432 490 3501 teque
522 3433 554 3484 ut
580 3422 701 3484 militem
728 3421 812 3481 miles
843 3421 908 3481 rudi
938 3439 1073 3481 sermone
1100 3419 1272 3497 adgrediar?

125 3521 378 3584 Duriusculum
408 3521 494 3598 igitur
518 3520 612 3582 resero
635 3519 672 3580 ad
693 3520 824 3579 ultimam
846 3528 959 3596 partem
974 3518 1145 3580 Carminum
1159 3518 1273 3592 Catulli,

126 3621 186 3692 ubi,
214 3630 378 3698 permutata
411 3620 522 3680 ratione
552 3637 612 3696 qua
644 3619 755 3695 priores
789 3617 1048 3694 hendecasyllabos
1083 3618 1272 3695 expoliuerat,

126 3719 276 3780 duriorem
303 3719 430 3796 rhythmi
457 3729 487 3778 et
515 3717 655 3778 orationis
683 3717 805 3776 modum
838 3715 993 3794 praecipue
1025 3717 1056 3775 ln
1072 3717 1272 3792 pentametris

129 3819 285 3878 affectatrit.
330 3817 371 3876 Vt
393 3836 453 3878 uno
477 3816 613 3894 exemplo
633 3835 695 3875 rem
715 3817 839 3892 probem
860 3815 926 3875 solo
946 3814 1055 3876 CXVI.
1077 3818 1095 3874 8
1117 3834 1132 3875 s
1153 3815 1274 3876 finalem

22 3965 23 3972 ,
126 3916 194 3977 elidi
222 3934 326 3993 passus
355 3925 407 3988 est,
432 3916 512 3994 quod
544 3926 575 3976 ut
602 3916 660 3976 iarn
688 3915 881 3974 subrusticum
910 3932 1006 3976 nouos
1035 3924 1139 3992 poetas
1163 3914 1272 3991 fugisse

130 4015 202 4074 dicit
212 4013 317 4074 Cicero
331 4015 362 4073 in
373 4012 496 4075 Oratore
512 4013 527 4090 §
541 4017 606 4074 161.
639 4012 723 4074 Haec
745 4015 940 4090 interpretatio
955 4015 979 4073 si
992 4032 1063 4074 uera
1076 4024 1129 4084 est,
1143 4012 1274 4073 Catullus

127 4112 274 4188 elegiacos
296 4129 407 4184 uersus,
429 4112 531 4173 saltem
559 4112 717 4172 maximam
742 4124 862 4190 partem,
886 4124 936 4175 aut
960 4114 1074 4190 scripsit
1095 4113 1273 4174 nouissimos

22 4273 24 4280 ,
129 4221 179 4270 aut
200 4211 350 4288 scripsisse
373 4212 497 4272 creditur
519 4231 536 4271 a
554 4210 655 4270 Plinio.
