3142 5059
581 402 637 460 AD
666 403 821 462 XXXVII.
843 425 870 475 4.
1237 410 1295 464 319

194 577 336 655 Scriptum
358 584 388 638 in
408 584 523 657 quodam
544 587 735 642 commentario
756 588 983 660 repperi'uersus
1004 577 1102 646 eilosa
1125 586 1300 664 Vergilii-ela

138 680 271 752 primum
286 699 340 738 esse
354 683 477 740 recilalos
490 689 571 758 alque
583 683 665 741 edelos
674 703 686 740 .·

296 835 418 896 Talem
439 839 538 897 diues
560 850 634 898 arat
655 838 776 916 Capua
797 849 830 898 et
850 842 971 901 uicina
991 841 1130 901 Veseuo

296 935 387 995 Nola
407 937 509 1013 iugo;

143 1099 242 1168 postea
270 1091 419 1170 Vergilium
438 1097 536 1169 petisse
558 1115 577 1154 a
599 1093 730 1166 Nolanis,
754 1115 855 1171 aquam
878 1099 923 1153 uli
942 1097 1049 1155 duceret
1066 1099 1096 1155 in
1110 1101 1297 1174 proprisquum

148 1209 213 1262 rus,
228 1189 354 1250 Nolanos
367 1193 521 1269 besseficriem
533 1196 647 1268 petrium
665 1194 839 1275 nauseasse,
849 1189 1098 1272 poetam'offmsum
1111 1216 1205 1256 nomeu
1218 1200 1298 1258 urbis

149 1309 256 1361 eorum,
283 1293 368 1367 quasi
393 1310 432 1350 ex
461 1291 600 1350 hominum
630 1295 769 1366 memoria,
797 1296 838 1352 sic
863 1312 902 1352 ex
929 1298 1052 1353 carmine
1077 1316 1127 1354 suo
1153 1297 1296 1370 derasisse,

150 1389 309 1466 ‘oram'que
316 1401 372 1466 pro
386 1395 393 1421 ‘
405 1389 490 1450 Nola'
504 1399 623 1450 mutasse
635 1399 714 1468 alque
727 1395 767 1452 ila
782 1394 943 1469 reliquisse:

803 1561 836 1610 et
856 1553 974 1612 uicina
994 1553 1134 1614 Veseuo

297 1630 367 1690 Ora
388 1632 481 1708 iugo.

151 1778 204 1838 Ea
225 1799 270 1838 res
290 1799 391 1838 uerane
411 1801 450 1838 an
459 1781 546 1859 salsa
565 1783 609 1852 sil,
625 1800 678 1838 non
696 1781 816 1850 laboro‚·
837 1784 905 1857 queis
920 1789 1010 1840 lamen
1023 1785 1119 1841 meleies
1131 1787 1298 1860 suaueiesque

152 1880 197 1937 ad
214 1881 296 1936 auris
317 1881 356 1936 si!
377 1897 449 1950 ora,
470 1898 551 1954 quam
573 1879 675 1951 Nola,
696 1880 807 1938 dubium
829 1881 863 1938 id
883 1900 936 1938 non
950 1888 995 1939 est.
1037 1880 1117 1941 Nam
1141 1884 1244 1941 uocalis
1266 1886 1296 1940 in

145 1979 246 2054 pri'ore
267 1996 351 2035 uersu
373 1985 499 2036 extrema
523 1979 662 2054 eademque
685 1980 715 2035 in
736 1980 858 2053 sequmli
871 1981 968 2053 prema
989 1997 1090 2037 canoro
1111 1981 1197 2037 simul
1217 1987 1298 2055 alque

151 2076 272 2134 iucundo
295 2077 375 2134 osaea
398 2078 508 2134 lracliru
532 2082 619 2134 sonat.
668 2074 726 2134 Est
747 2077 812 2134 adeo
836 2078 959 2133 e'reuene're
981 2077 1059 2152 apud
1083 2077 1181 2135 nobiles
1201 2085 1296 2152 poetas

152 2175 340 2233 huiuscemodi
355 2177 503 2233 suauilalzs
523 2175 618 2244 multa,
633 2193 701 2248 quae
721 2182 856 2249 appareat
874 2182 978 2234 nauata
999 2196 1060 2247 esse,
1080 2195 1134 2233 non
1142 2177 1295 2253 forluila;

152 2276 204 2334 sed
213 2282 329 2350 praeter
349 2280 446 2332 ceteros
466 2275 553 2332 omnes
574 2274 650 2348 apud
666 2273 821 2332 Homerum
836 2275 971 2349 plurima.
1021 2274 1077 2331 Vno
1090 2276 1184 2351 quippe
1196 2276 1227 2333 iu
1241 2276 1297 2332 loco

152 2376 222 2433 iales
235 2381 342 2450 tamque
354 2374 460 2432 hiantes
472 2375 578 2434 som'lus
591 2375 622 2430 in
635 2374 755 2431 assz'duis
769 2374 878 2432 uoeilus
884 2375 1018 2450 pluribus
1020 2375 1120 2451 facti:

356 2533 391 2588 ‘fl
412 2511 550 2604 asfflpq
571 2533 657 2604 θίρεῖ
676 2534 806 2605 προρέει
828 2533 928 2588 slavia
948 2536 1069 2606 χαλάζῃ

350 2629 390 2688 Ἢ
411 2635 496 2704 χιόνι
516 2633 627 2704 ψυχρῇ
648 2631 663 2702 ἢ
684 2632 719 2702 ἐξ
738 2629 854 2688 ὕδατος
874 2633 1077 2708 κρυστάλλῳ,

151 2796 234 2866 alque
246 2791 307 2847 ilem
321 2788 377 2846 aleo
390 2789 444 2846 loco
453 2807 464 2844 .·

356 2933 438 2988 Λᾶιιν
458 2930 518 2985 ἅνω
536 2929 656 2986 ὤθεσκε
677 2932 750 2986 morl
769 2933 885 2998 λόφον.

197 3085 326 3148 Catullus
340 3083 441 3162 quoque
454 3087 669 3162 eleganlessimus
678 3094 821 3161 poetarum
835 3088 866 3144 in
879 3087 951 3145 hisce
963 3087 1089 3146 aerolas
1099 3107 1110 3143 :

377 3234 540 3294 Minister
560 3234 671 3295 uetuli
693 3253 777 3310 puer
798 3233 938 3293 Falerni

376 3332 482 3409 Inger
502 3334 546 3391 mi
567 3333 697 3391 calices
718 3333 921 3402 amariores,

334 3487 336 3492 .
376 3431 421 3490 Vt
441 3433 495 3490 lex
518 3430 718 3490 Postumiae
740 3430 837 3488 iubet
856 3431 1048 3506 magistrae

376 3531 526 3590 Ebriosa
546 3531 647 3590 acina
666 3529 888 3599 curiosioris,

151 3711 212 3750 cum
236 3691 325 3748 ‹ie'cere
348 3689 475 3748 ‘ebrioso'
492 3695 581 3764 pessel
602 3694 634 3759 el,
655 3687 728 3764 quod
747 3693 810 3746 era!
831 3688 969 3758 usualius,
991 3687 1127 3746 ‘actuum'
1149 3689 1179 3745 in
1199 3695 1296 3746 neutro

146 3807 246 3866 genere
279 3788 424 3862 appellare,
454 3805 553 3844 amans
586 3791 674 3843 lamen
708 3785 803 3842 britius
837 3785 914 3842 illius
945 3784 1092 3843 Homerici
1121 3788 1294 3856 suaurlalem,

151 3887 316 3946 ‘ebriosam’
332 3887 411 3944 deocz'l
422 3891 535 3960 propter
556 3885 717 3959 siesequenlei
737 3902 756 3940 a
776 3884 873 3941 lz'lerae
891 3890 1052 3942 concentum.
1097 3881 1156 3954 Qui
1174 3884 1293 3942 ‘ebreos'

150 3993 239 4044 aulem
266 3975 407 4044 Catullum
436 3985 543 4041 olbce'sse
563 3989 669 4058 putant
691 3990 744 4040 aul
763 3981 914 4054 ‘ebriosos’
937 4001 1001 4040 nam
1026 3984 1059 4040 iel
1078 4001 1179 4058 quoque
1202 3991 1296 4042 temere

149 4083 282 4160 scriplum
305 4085 455 4154 smmnzlur,
478 4084 508 4139 in
530 4082 614 4140 libros
636 4082 737 4140 scilicet
758 4081 791 4139 de
812 4083 952 4156 corruptis
976 4082 1179 4157 exemplaribus
1195 4083 1295 4159 factos

150 4185 312 4242 emm'dmunl.
350 4177 351 4180 ¹

142 4309 151 4322 ⁸
192 4325 315 4385 Secutus
330 4341 395 4382 sum
409 4323 566 4381 editionem
578 4320 679 4380 Hertzi
693 4321 866 4397 postulante,
877 4331 909 4380 ut
921 4321 1042 4388 uidetur,
1054 4318 1197 4378 sententia
1207 4317 1292 4377 Gelli.

152 4424 278 4484 Codices
305 4422 435 4499 plerique
462 4420 570 4481 habent
598 4419 738 4495 ingere,
770 4418 919 4477 Ebriose
955 4418 1057 4477 acino
1086 4417 1197 4490 (aeine
1225 4415 1292 4474 cod.
