3142 5059
308 376 367 432 ³10
767 365 983 430 ExcvRsvs

307 557 338 616 in
352 553 480 632 Dig.19.
497 573 524 626 a,
541 571 586 630 ιο.
601 571 646 616 ιο.
687 549 725 612 Et
739 551 784 612 his
797 551 918 632 quidem
935 547 1040 609 modo
1057 548 1087 608 si
1104 547 1184 610 idem
1195 556 1241 606 est
1253 544 1336 623 qnod
1349 543 1453 622 pleris-

308 671 366 731 que
386 653 573 714 dummodo
584 673 592 726 ;
613 663 714 714 auctor
727 651 864 712 cuminis
877 649 914 710 de
928 649 1011 726 Myle
1028 665 1090 708 non
1108 657 1169 706 mm
1186 663 1241 723 pro
1259 643 1452 704 dummodo

309 751 458 830 usurpauit
471 769 560 830 quam
580 771 634 829 pro
655 751 758 811 modo
778 751 842 809 siue
861 757 931 826 post
950 748 979 807 si
998 745 1078 823 quis
1096 745 1198 805 addito
1218 742 1401 803 ‘Latrares
1417 742 1452 800 si

310 851 411 928 ‘quis
444 851 633 912 adcubaret
665 847 779 910 modo'
813 848 877 908 siue
909 845 1076 924 praeposito
1107 853 1137 903 et
1168 843 1280 902 omissa
1310 839 1452 919 particula

309 949 440 1010 ‘Modo
467 949 656 1010 edcobaret
683 947 825 1025 aliquis,
852 944 1012 1005 latrares’
1046 941 1137 1003 ‘One
1163 940 1221 1000 had
1248 941 1303 1000 but
1329 949 1362 999 to
1389 947 1452 998 sert

309 1055 316 1080 ‘
332 1047 451 1108 himself
464 1048 504 1127 by
521 1047 574 1108 her
592 1047 654 1108 side
672 1047 731 1107 and
750 1064 810 1124 you
827 1044 926 1105 would
943 1041 1035 1103 bark'

350 1145 538 1224 Epigramma
554 1145 701 1223 eleganter
716 1144 858 1204 oonuertit
874 1141 985 1202 amicus
1001 1157 1086 1200 meus
1099 1135 1272 1198 Shndworth
1286 1133 1329 1194 ll
1344 1133 1452 1210 Hodg·

310 1261 366 1304 son
512 1323 580 1384 The
593 1333 643 1402 pet
656 1340 691 1384 so
705 1321 804 1400 dalnty
817 1321 878 1382 end
890 1337 926 1380 so
938 1318 1038 1396 gentle
1051 1316 1146 1378 ‹leadl

513 1419 629 1482 Nursed
643 1423 673 1480 io
686 1419 739 1480 her
751 1417 889 1480 mistress’
902 1417 960 1495 lap,
974 1416 1033 1476 and
1047 1417 1078 1474 in
1091 1415 1144 1475 her
1155 1413 1215 1474 bed

512 1519 633 1598 Nightly
646 1518 779 1597 pertalrer
793 1518 829 1579 ol
837 1517 890 1578 her
901 1517 991 1592 sleep.
1032 1512 1061 1575 O
1074 1513 1129 1590 Fly

513 1617 611 1678 ’Twas
624 1635 734 1694 wrong,
749 1615 830 1676 'twas
843 1633 911 1691 very
924 1632 1024 1690 wrong
1038 1611 1074 1672 ol
1082 1628 1141 1689 you
1155 1622 1186 1670 to
1199 1609 1264 1670 diel

513 1716 541 1774 Α
555 1715 626 1775 riual
640 1713 686 1774 lor
699 1732 772 1792 your
785 1713 877 1791 lsdy’s
889 1712 993 1773 iauour
1005 1722 1066 1783 too,

513 1813 572 1873 For
585 1813 636 1874 did
649 1831 708 1873 one
722 1813 758 1872 sit
771 1831 791 1872 a
803 1813 873 1872 little
886 1813 988 1883 closer,
1001 1829 1061 1889 you

514 1911 623 1972 Would
637 1911 718 1982 barlr,
732 1930 751 1971 a
763 1913 909 1988 graceless
922 1912 1051 1971 libertine
1063 1912 1071 1968 l
1111 1907 1141 1968 Ο
1154 1905 1208 1984 my

514 2010 611 2071 ’Tyras
624 2029 735 2086 wrong,
749 2011 830 2070 'twas
843 2028 911 2086 very
924 2026 1027 2085 wrong
1039 2006 1076 2066 ol
1084 2023 1143 2085 you
1156 2016 1187 2066 to
1200 2006 1265 2065 diei

514 2107 591 2168 Now
604 2108 642 2168 all
656 2107 808 2184 unwitting
820 2122 880 2184 you
892 2105 930 2165 lie
942 2105 1045 2164 buried
1058 2103 1143 2180 deep.

515 2205 579 2266 Nor
592 2225 647 2266 can
661 2205 742 2267 show
756 2205 837 2283 light,
851 2221 906 2264 nor
919 2222 960 2263 on
973 2202 1023 2262 the
1036 2201 1112 2262 lmee
1125 2219 1182 2261 can
1195 2201 1270 2278 leap,

515 2303 565 2364 No
579 2323 661 2364 more
674 2323 733 2381 you
746 2303 844 2381 gleam
857 2321 898 2362 on
911 2320 959 2362 me
972 2300 1039 2360 with
1052 2300 1131 2360 teeth
1144 2300 1206 2359 that
1218 2300 1277 2359 bite

518 2403 553 2462 ln
566 2403 664 2481 gentle
677 2403 821 2473 snntehes,
834 2399 898 2460 hall
907 2399 943 2460 ol
951 2399 1028 2478 play,
1040 2398 1104 2458 hall
1113 2400 1197 2475 spite.

682 2641 921 2704 ADDENDVM
940 2644 978 2703 sd
996 2641 1050 2701 IV.
1064 2661 1089 2702 r.

356 2792 424 2853 Huc
444 2793 567 2870 pertinet
587 2792 720 2854 scholion
740 2791 889 2852 Bemense
906 2789 995 2868 Verg.
1010 2789 1099 2851 Geor.
1114 2789 1168 2849 IV.
1184 2792 1242 2865 ²8⁹
1262 2788 1330 2863 (Ed.
1346 2788 1456 2866 Hagen

314 2892 345 2950 in
364 2889 542 2950 Fleckeiseni
561 2890 639 2950 Ann.
660 2891 809 2968 Supplem.
821 2889 876 2949 IV.
891 2890 1065 2965 673-1014)
1086 2888 1227 2960 Phaselis,
1251 2887 1372 2948 Genus
1399 2907 1455 2948 na-

314 2991 408 3049 uium
435 2988 619 3065 pictarum,
648 2989 739 3050 sicut
769 2989 956 3067 ‘phaselus
987 2987 1059 3048 ille’
1087 3006 1189 3065 quem
1220 2989 1268 3046 ait
1295 2986 1455 3047 Catullus

316 3091 516 3147 ‘auctorem
534 3104 612 3146 esse
631 3087 771 3148 nauium
790 3087 1059 3149 celerrimarum’
1072 3105 1173 3163 quern
1190 3085 1310 3145 habuit
1325 3085 1456 3164 hospes

316 3189 475 3248 Serenus.
500 3186 625 3246 Iunilius
641 3188 715 3246 dicit.
758 3186 807 3248 Sic
824 3186 988 3264 Hagenus3
1017 3186 1071 3246 sed
1090 3185 1208 3246 codices
1226 3185 1337 3244 habent
1363 3187 1457 3245 sicus

316 3286 487 3366 phasillus
509 3286 568 3345 ille
589 3302 690 3362 quern
714 3285 837 3362 agiunt
858 3295 1035 3345 auctorem
1060 3302 1136 3344 esse
1156 3284 1297 3343 nauium
1321 3284 1457 3344 caelae-

316 3395 427 3444 tarum
442 3383 648 3459 (celatorum
664 3383 702 3458 G)
714 3383 792 3444 unde
807 3383 842 3443 C.
853 3383 891 3444 G.
905 3383 1064 3443 Muellerus
1077 3383 1230 3459 scripserat
1242 3400 1344 3459 quem
1361 3383 1458 3442 aiunt

315 3494 494 3542 auctorem
525 3501 602 3543 esse
632 3483 772 3542 naulum
803 3483 1006 3542 celatorum.
1057 3481 1157 3541 Verba
1184 3487 1308 3558 ‘quem
1338 3480 1460 3542 habuit

317 3579 468 3658 ‘hospes
500 3579 663 3641 Serenus'
690 3579 819 3658 Hageno
842 3600 880 3642 ex
903 3580 1001 3659 aliquo
1024 3581 1055 3640 in
1076 3579 1221 3641 Catullum
1245 3581 1458 3641 commentario

318 3677 492 3756 deprompta
511 3678 653 3740 uidentur.

681 3923 918 3985 ADDENDVM
939 3925 977 3986 ad
993 3924 1031 3986 x
1048 3928 1094 3985 26.

502 4079 596 4139 Istos
616 4081 815 4155 commoda3
844 4099 921 4141 nam
942 4079 1024 4141 uolo
1043 4080 1086 4141 ad
1107 4079 1264 4158 Sarapim

501 4177 650 4236 Delerri.

501 4275 657 4337 Gualterus
671 4275 789 4338 Landor
803 4277 927 4338 coniecit
945 4295 1037 4337 eram
1056 4276 1147 4336 uolo.
