3142 5059
456 391 683 452 CARMINVM
709 391 898 452 CATVLLI.

267 569 342 643 Qum
355 578 387 631 tre
399 573 492 632 entim
505 573 629 651 offirmas
641 581 721 650 alque
734 575 816 634 naec
829 580 854 632 te
866 574 922 649 ipse
934 573 1065 632 reducet)

306 667 351 728 Et
361 671 417 729 deis
432 673 528 731 sirudis
541 672 643 731 aaran
656 691 711 731 esse
723 674 832 730 miser?

266 765 390 845 Difficile
403 775 444 830 est
454 770 566 846 laeuum
578 770 667 829 sutrio
680 770 808 845 deponere
820 788 947 829 amorem

306 864 430 944 Difficile
442 875 488 938 cst,
503 887 600 926 uerum
614 867 663 927 lenc
676 887 731 944 qua
745 868 819 926 labe!
829 867 938 945 effictas.

275 960 334 1021 Vno
347 965 426 1023 saltat
438 965 504 1023 haec
516 973 561 1036 cst,
576 965 626 1024 hoc
638 971 679 1024 est
688 965 968 1041 n'biperuncmdua

307 1059 344 1117 H
341 1079 371 1118 oc
372 1060 482 1138 secans,
496 1065 556 1120 seire
569 1062 603 1120 r'd
612 1081 666 1120 non
673 1067 735 1138 pole
747 1063 806 1121 sius
814 1068 882 1137 pote.

146 1211 230 1272 Duas
250 1225 347 1291 partes
368 1227 436 1277 ante
458 1217 607 1278 Mesodon
628 1229 737 1295 quanta
759 1217 908 1294 diligentia
928 1216 1094 1276 adsimilarit
1117 1217 1152 1275 iis
1176 1235 1252 1294 quae

102 1327 173 1370 eam
200 1322 345 1384 secuntur,
373 1332 409 1372 ex
438 1316 614 1391 comparatis
642 1325 761 1392 apparet
792 1317 930 1391 utrisque.
972 1314 1009 1373 In
1040 1333 1095 1372 1-a
1120 1313 1253 1373 Catullus

103 1409 200 1468 amori
219 1409 370 1483 ualedicit3
394 1413 424 1470 in
447 1432 491 1484 ra,
509 1432 545 1487 13
560 1411 684 1472 Lesbiae
699 1411 784 1492 (Vale
797 1412 921 1492 puella);
942 1413 973 1470 in
989 1414 1047 1487 3-8
1062 1412 1254 1471 reminiscitur

103 1504 262 1581 uoluptatis
290 1525 357 1566 cum
382 1508 490 1568 Iesbia
514 1519 615 1582 actae;
647 1511 678 1568 in
702 1529 800 1585 14-19
823 1520 978 1570 uenturum
1000 1510 1134 1569 dolorem
1157 1509 1254 1568 eidem

104 1603 285 1662 uaticinatur.
327 1603 430 1682 Itaque
444 1606 532 1665 totius
551 1607 687 1665 carminis
701 1611 791 1680 σχῆμα
804 1617 837 1666 ut
851 1625 869 1666 a
881 1625 930 1666 me
944 1617 974 1666 et
986 1605 1113 1666 Frankio
1126 1607 1254 1684 singilla-

104 1700 160 1758 tim
174 1702 363 1760 constitutum
378 1713 429 1774 est,
443 1703 611 1763 huiusmodi
625 1706 678 1763 erit
694 1723 709 1762 a
727 1722 765 1780 33
782 1749 789 1763 .
805 1722 832 1779 3.
850 1725 865 1763 2
883 1721 931 1778 33.

148 1821 183 1881 C.
199 1821 274 1881 XIV
293 1825 435 1886 Franlcius
450 1829 491 1886 sic
505 1828 641 1887 describit
657 1832 735 1903 3÷8
752 1832 800 1901 48.
832 1827 924 1899 Quod
937 1828 1005 1887 ideo
1018 1845 1081 1885 non
1094 1829 1252 1902 probarim,

104 1921 177 1997 quia
198 1938 253 1981 nec
274 1923 359 1998 primi
379 1935 438 1984 tres
458 1941 561 1984 uersus
582 1927 641 1985 ullo
660 1926 753 1985 modo
775 1936 945 2003 separantur
967 1943 985 1984 a
1007 1926 1204 2001 sequentibus,
1225 1937 1255 1985 et

105 2018 212 2077 melius
232 2021 351 2095 epodon
372 2020 500 2082 lacerent
515 2033 574 2083 tres
594 2024 692 2083 ultimi.
737 2023 915 2101 Quanquam
935 2042 973 2082 ne
989 2022 1119 2100 Epodon
1135 2023 1255 2099 quidem

105 2115 241 2177 admitto.
288 2117 342 2177 Est
364 2121 443 2178 enim
467 2122 650 2179 mesodicum
672 2139 799 2192 cumen,
823 2122 924 2197 posito
947 2123 976 2176 ἐν
995 2121 1069 2197 μέσῳ
1091 2121 1173 2196 quod
1196 2121 1255 2196 pri-

105 2213 232 2271 marium
255 2223 299 2273 est
319 2213 368 2273 De·
383 2219 484 2292 magni
500 2217 659 2276 horribilem
680 2223 707 2275 et
721 2236 834 2276 senum
850 2217 979 2289 libellum,
1000 2218 1135 2294 utrinque
1156 2227 1256 2278 autem

106 2311 258 2371 collocatis
278 2314 424 2372 undecim.
474 2312 588 2375 Priores
609 2315 717 2374 cadunt
740 2317 771 2374 in
792 2334 859 2391 344,
880 2317 1057 2392 posteriores
1078 2325 1127 2374 aut
1146 2315 1176 2373 in
1194 2331 1254 2389 353

106 2419 159 2469 aut
177 2410 257 2486 quod
276 2411 371 2486 magis
391 2413 486 2487 probo
502 2430 570 2487 443.
612 2412 702 2471 Amat
721 2414 800 2471 enirn
814 2411 945 2471 Catullus
966 2430 1060 2472 nouas
1080 2413 1220 2485 περικοπὰς
1238 2429 1257 2471 a

106 2508 252 2568 uacabulo
266 2506 346 2568 Nam
367 2511 503 2586 incipere,
522 2521 554 2569 nt
568 2510 621 2569 VI.
637 2512 665 2576 6,
679 2511 748 2570 XII.
764 2530 810 2583 14,
825 2511 910 2570 XIII.
927 2530 973 2582 11,
988 2509 1070 2569 XVI.
1086 2525 1113 2584 5,
1129 2509 1255 2569 XXXV.

108 2619 137 2680 5,
159 2604 301 2664 XXXVI.
325 2625 351 2681 3,
373 2605 481 2666 XLIV.
500 2626 545 2678 10,
567 2607 675 2667 LXIV.
699 2610 831 2684 76,105‚
850 2622 915 2684 177,
937 2610 1006 2684 366,
1026 2607 1166 2668 LXVIII.
1188 2606 1257 2687 (51)

107 2701 176 2782 (89)
198 2701 293 2784 (119),
318 2705 456 2765 LXXVI.
473 2719 500 2780 7,
523 2705 648 2766 XCVII.
665 2721 692 2782 5,
715 2706 824 2766 XCIX
841 2721 868 2782 7.
921 2707 1025 2783 Itaque
1047 2726 1165 2768 uersum
1187 2706 1258 2768 Non

106 2821 163 2860 non
176 2803 226 2861 hoc
238 2804 293 2863 tibi
305 2804 378 2864 salse
395 2807 436 2863 sic
451 2803 538 2864 abr'br't
554 2816 689 2881 quartum
707 2805 784 2885 facio
802 2810 942 2879 περικοπῆς
960 2812 1007 2873 Ββ.
1050 2806 1136 2867 Certe
1157 2807 1258 2884 singu·

106 2900 203 2960 larum
223 2908 369 2976 περικοπῶν
389 2903 463 2961 mira
484 2902 526 2962 sic
547 2903 667 2962 efficitur
687 2904 851 2980 responsio,
869 2921 937 2962 cum
951 2914 990 2960 Aa
1002 2927 1035 2956 =
1047 2915 1092 2980 aa,
1107 2909 1150 2974 Αβ
1162 2928 1194 2957 .-.
1208 2909 1258 2976 aa,

106 3009 149 3075 Δγ
161 3023 194 3052 =
207 3010 253 3072 Βγ,
268 3019 324 3060 nec
339 3019 462 3061 numero
476 3002 572 3061 solum
587 3002 640 3062 sed
654 3003 741 3062 etiam
754 3021 785 3061 re
799 3003 1025 3063 concinentium.

151 3120 186 3180 C.
210 3121 298 3180 XXV
319 3122 350 3180 in
369 3122 468 3182 medio
490 3121 579 3182 habet
601 3121 708 3182 lurtum
724 3123 823 3182 Thalli
840 3122 944 3202 (6-8);
964 3123 1020 3184 hos
1038 3125 1218 3201 praecedunt
1238 3144 1257 3200 3

106 3236 212 3279 uersus
235 3219 266 3277 in
290 3220 395 3296 quibus
423 3220 569 3291 cinaedus,
593 3239 608 3278 a
631 3221 788 3297 inquibus
810 3219 856 3278 fur
881 3221 984 3281 dicitur
1008 3223 1217 3298 conparatione
1239 3240 1260 3282 a

105 3307 240 3396 procella
252 3316 366 3389 'ducta;
399 3326 461 3375 tum
488 3327 556 3394 post
583 3317 728 3377 mesodon
758 3337 775 3392 3
801 3327 937 3377 sectmtm
959 3314 1065 3395 (9-11)
1090 3319 1259 3378 minitantes

105 3415 293 3491 supplicium,
317 3412 479 3494 2(1²,13)
501 3416 710 3491 conparatione
735 3433 752 3474 a
776 3416 845 3474 naui
866 3412 978 3474 ducta¹.
1021 3414 1101 3474 Nihil
1118 3415 1176 3473 hoc
1195 3421 1258 3474 cari

105 3514 188 3571 mine
219 3513 390 3571 concinnius
418 3513 443 3572 si
470 3513 595 3588 partium
622 3514 784 3588 respexerIs
813 3513 1066 3589 aequabilitatem
1095 3516 1186 3586 σχῆμα
1212 3524 1258 3572 est

106 3628 320 3686 32.3.3a.
362 3609 400 3668 Et
420 3611 461 3669 sic
474 3609 617 3669 Frankius
637 3610 691 3670 nisi
714 3610 795 3687 quod
817 3610 933 3686 5qu0d
956 3610 1091 3685 utrinque
1115 3617 1172 3669 stat
1195 3627 1257 3669 non

104 3709 213 3767 iterum
226 3707 257 3765 in
274 3725 311 3782 32
328 3707 453 3766 resoluit.

149 3829 185 3890 C.
200 3829 300 3890 XLIV
314 3831 389 3889 miro
403 3841 432 3889 et
446 3831 528 3908 quasi
544 3840 733 3907 praepostero
754 3831 874 3890 artificio
892 3831 932 3890 ita
950 3830 1106 3905 conposuit
1125 3828 1257 3890 Catullus

104 3938 139 3988 ut
162 3927 276 3987 numeri
296 3927 391 3986 eidem
412 3937 510 3987 essent
524 3946 542 3986 a
558 3927 616 3986 fine
636 3928 864 4004 regredientibus
883 3928 922 3986 ad
940 3928 1054 3985 initium
1073 3930 1124 4004 qui
1141 3927 1256 3988 fuerant

105 4028 147 4086 ab
166 4025 249 4085 initio
264 4026 515 4103 progredientibus
534 4025 686 4085 adfinem.
729 4025 863 4085 Medium
876 4034 977 4084 tenent
992 4043 1010 4099 3
1024 4043 1136 4098 uersus,
1151 4026 1257 4102 quibus

140 4214 150 4244 ¹
168 4213 236 4268 Hinc.
248 4227 301 4260 mm
314 4227 327 4260 a
339 4213 397 4259 mari
412 4213 588 4274 cooperationes
602 4215 638 4260 bis
656 4214 753 4269 duxerit,
766 4213 866 4274 suspicor
877 4211 989 4260 Thallum
1005 4228 1034 4260 ex
1051 4213 1078 4260 iis
1093 4213 1162 4259 fuisse
1177 4211 1217 4273 qui
1232 4219 1260 4258 ut

105 4299 164 4346 dicit
183 4305 265 4342 tumor
284 4295 430 4343 Catalect.V
448 4296 533 4342 flauum
555 4304 647 4356 propter
667 4295 781 4357 Thybrim
802 4296 890 4342 olentes
912 4296 1030 4342 nauticum
1050 4295 1166 4342 uocabant
1187 4293 1259 4356 (23);

105 4390 169 4427 certe
186 4375 287 4440 quisqms
304 4377 342 4424 hic
354 4377 449 4424 Thallus
466 4377 509 4424 fuit
527 4377 669 4440 (quentium
686 4378 753 4424 fuisse
767 4393 814 4424 non
825 4391 918 4436 posstnn
930 4377 1054 4424 concedere
1065 4375 1198 4435 Schwnbio)
1209 4389 1257 4420 non

106 4462 207 4509 multum
223 4459 332 4508 abhorret
345 4475 357 4506 a
370 4459 426 4506 Luci
438 4459 502 4506 istius
514 4458 613 4522 Imagine
624 4459 666 4505 nisi
678 4459 740 4518 quod
751 4458 789 4505 hlc
801 4459 876 4506 senior
887 4459 994 4519 idemque
1005 4457 1108 4522 egentior
1120 4457 1260 4504 describitur.

638 4565 728 4612 002
