3142 5059
535 376 894 437 PROLEGOMENA.
1271 398 1287 433 v

134 562 298 630 urdmtur';
333 572 362 621 et
393 563 435 621 sic
465 563 495 620 in
524 560 629 621 Catulli
661 562 763 621 codice
794 564 872 621 unde
900 562 991 622 nostri
1018 564 1073 621 orti
1102 571 1170 621 sunt
1198 564 1289 639 scrip

136 673 201 720 tum
223 661 347 721 fortasse
368 660 460 720 suerat
478 660 599 733 Castor,
621 662 678 719 κη’
696 680 772 733 aera,
793 680 869 738 quae
889 662 1001 720 scribae
1022 680 1126 737 parum
1144 662 1289 720 intellecta

57 816 59 819 .
140 758 290 819 Castorum
311 779 408 817 uerum
429 778 497 817 uera
517 759 694 836 interpretati
715 770 791 819 sunt.
832 759 968 819 Fortasse
988 760 1077 819 etiam
1096 760 1155 818 huc
1176 770 1288 837 spectat

135 858 247 917 amissa
268 858 354 947 tpties
375 857 405 915 in
426 859 522 917 uerbis
543 867 555 915 t
576 858 678 917 finalis.
722 857 824 931 Quum
848 859 926 918 enirn
949 858 1172 934 Langobardice
1195 876 1213 916 a
1234 876 1288 934 per

137 978 176 1019 oc
199 960 348 1028 scribatur,
368 967 379 1017 t
400 968 498 1017 autem
519 977 571 1036 per
592 976 619 1030 a,
636 958 662 1017 si
682 959 839 1018 coniuncte
860 960 1024 1034 legerentur
1041 960 1123 1017 utin
1141 958 1288 1017 uocabulo

128 1059 261 1133 pruriat,
284 1057 366 1117 facile
388 1066 501 1133 poterat
525 1057 625 1116 ultima
647 1076 665 1115 a
687 1056 829 1129 excidere,
852 1056 982 1116 confusis
1006 1058 1047 1115 ob
1071 1058 1288 1115 similitudinem

135 1155 235 1215 literis
278 1154 467 1232 Quamquam
485 1155 555 1213 illud
573 1173 635 1213 non
653 1154 711 1214 buc
728 1156 861 1231 quadrat,
875 1156 957 1231 quod
973 1156 1004 1213 in
1019 1154 1124 1215 Catulli
1138 1155 1288 1213 codicibus

137 1264 189 1313 aut
216 1272 282 1313 raro
310 1264 359 1312 aut
386 1271 540 1329 nunquam
561 1263 573 1311 t
596 1254 627 1311 in
650 1272 669 1311 a
693 1264 829 1329 corrupta
856 1263 909 1312 est.
964 1252 1029 1312 Nec
1057 1251 1288 1329 Langobardicis

135 1352 226 1411 literis
248 1362 414 1428 congruunt
434 1350 574 1411 confusae
595 1353 681 1411 toties
702 1371 728 1423 a,
742 1371 775 1423 e;
802 1370 828 1422 a,
843 1371 880 1424 u;
904 1370 931 1423 a,
946 1353 984 1424 it;
1008 1363 1028 1422 t,
1042 1370 1080 1428 p;
1105 1371 1135 1429 p,
1149 1370 1179 1423 r;
1206 1370 1234 1427 p,
1249 1370 1286 1420 n;

135 1468 213 1526 quae
238 1451 338 1509 omnia
362 1450 584 1527 Merouingicae
612 1452 709 1527 potius
734 1452 892 1526 scripturae
920 1450 1097 1527 assignanda
1124 1451 1231 1520 iudic0,
1255 1460 1287 1509 ut

135 1568 174 1607 ex
198 1548 304 1607 tabulis
329 1550 479 1625 apparebit
503 1567 577 1625 quas
602 1549 632 1606 in
660 1549 738 1607 libris
766 1550 826 1607 suis
854 1548 1047 1608 exhibuerunt
1074 1548 1233 1607 Bastardus
1257 1557 1287 1605 et

136 1645 284 1705 Siluester.
326 1645 418 1718 Quod
439 1646 507 1705 dedi
528 1648 677 1723 specimen
699 1665 735 1705 ex
757 1646 889 1706 Bastardi
910 1646 1190 1723 Iconibussumpsi.
1232 1645 1286 1705 Est

134 1755 234 1803 autem
252 1762 330 1803 saec.
344 1742 430 1804 VIII.

343 1928 402 1987 Hic
530 1926 726 2009 βακε

178 2986 264 3046 Haec
286 2987 371 3045 ualde
392 2986 431 3045 ad
449 2986 630 3063 propositam
649 2986 795 3064 pertinere
812 2986 850 3045 de
869 2986 971 3045 codice
989 2988 1191 3064 quaestionem
1207 2988 1286 3045 unde

133 3087 227 3144 nostri
248 3086 328 3145 ducti
353 3096 422 3144 sunt
445 3085 516 3144 nulii
538 3086 627 3145 credo
653 3102 717 3143 esse
742 3084 871 3143 dubium.
924 3084 973 3143 Sic
995 3086 1075 3143 enim
1096 3086 1287 3162 explicabitur

133 3184 158 3242 P
181 3203 249 3243 curn
272 3184 302 3243 T
324 3193 496 3262 permutata,
520 3204 533 3241 e
555 3201 623 3242 cum
645 3202 672 3253 a,
692 3201 731 3249 o,·
763 3202 782 3240 α
804 3200 872 3241 cum
894 3202 915 3254 e,
934 3202 958 3255 0,
977 3202 1004 3253 u,
1024 3202 1053 3240 co
1061 3202 1077 3251 ;
1112 3185 1137 3241 it
1163 3201 1231 3241 cum
1258 3204 1285 3255 α,

133 3296 173 3360 la,
186 3300 218 3349 Ut
232 3291 263 3348 in
274 3286 507 3369 prt’st'llaj(1))}=
528 3277 708 3364 Nostia}
742 3279 787 3366 'b
808 3310 876 3349 cum
890 3292 918 3348 b.
960 3288 1145 3349 Froehnerus
1156 3290 1286 3367 quidem,

134 3407 225 3465 quem
246 3390 367 3449 honoris
389 3406 477 3449 causa
498 3388 628 3460 nomino,
647 3390 737 3450 literis
758 3389 1026 3465 Anglo-Saronicis
1049 3389 1098 3447 uel
1119 3387 1286 3447 Hibernicis

134 3489 275 3564 scriptum
296 3487 431 3546 codicem
451 3486 585 3562 opinatus
607 3498 666 3559 est3
693 3505 769 3565 quae
790 3486 934 3545 sententia
954 3496 982 3544 et
1002 3486 1067 3562 ipsa
1086 3484 1178 3543 multa
1197 3483 1287 3543 habet

133 3587 213 3645 unde
235 3587 467 3655 commendetur,
488 3586 614 3660 primurn
635 3585 852 3645 similitudinem
872 3584 1025 3655 literarum,
1041 3584 1121 3663 (uide
1142 3582 1286 3641 Siluestris

133 3684 345 3761 Palaeograph.
357 3682 493 3742 Uniuers.
505 3683 573 3742 Part
584 3682 644 3763 111)
654 3684 760 3743 deinde
774 3684 873 3742 literae
883 3682 1004 3742 Latinae
1016 3682 1155 3741 Hibernis
1170 3701 1188 3741 a
1202 3695 1286 3742 sexto

132 3802 227 3859 usque
240 3794 309 3860 post
324 3780 472 3842 Christum
490 3783 607 3841 saeculo
626 3794 713 3842 notae
729 3783 933 3857 lectitataeque
947 3793 1031 3840 sunt:
1054 3792 1204 3858 postremo
1219 3792 1286 3858 apte

133 3883 171 3942 de
184 3882 336 3941 Britannia
355 3881 403 3941 uel
423 3880 566 3939 Hibernia
581 3882 708 3941 dicturus
725 3892 786 3941 erat
805 3882 927 3958 scriptor
941 3880 1167 3957 Epigrammatis
1181 3880 1285 3940 Catulli

132 3981 284 4040 codicibus
309 3980 430 4056 praefixi
455 3980 526 4039 ‘Ad
550 3980 673 4056 patriam
697 3980 786 4039 uenio
808 3980 899 4055 lorgis
920 3980 952 4037 de
967 3979 1078 4055 fim'bus
1097 3979 1182 4038 exul!
1226 3978 1285 4037 Sed

131 4090 231 4139 tamen
252 4079 336 4155 plura
356 4096 425 4137 meo
446 4078 553 4138 iudicio
573 4089 640 4136 sunt
657 4096 732 4154 quae
752 4078 973 4153 Merouingicae
994 4078 1152 4154 scripturae
1171 4078 1286 4154 possint

132 4195 221 4253 quam
246 4196 322 4255 quae
349 4176 501 4235 Saxonum
525 4177 573 4236 uel
598 4176 799 4235 Hibemorum
822 4176 914 4235 tribui.
957 4176 996 4234 Et
1020 4194 1166 4252 nusquam
1190 4175 1285 4250 magis

105 4328 112 4339 ,
131 4294 221 4353 quam
235 4277 265 4335 in
281 4276 376 4335 Gallia
390 4274 595 4335 Romanorum
613 4286 682 4351 post
695 4286 831 4351 quartum
850 4274 999 4334 sacculum
1017 4274 1161 4333 florebant
1176 4274 1283 4331 literae.

131 4374 226 4435 Gallia
247 4376 352 4434 saltem
373 4374 513 4451 scriptum
534 4373 622 4433 fuisse
644 4373 841 4433 Thuanaeum
861 4373 994 4433 codicem
1017 4372 1085 4430 inde
1108 4372 1170 4430 ueri
1193 4370 1285 4429 simile

130 4474 269 4551 estquod
289 4474 360 4533 alter
380 4472 474 4531 codex
490 4490 578 4549 quem
598 4472 702 4531 eadem
722 4471 859 4531 habuisse
876 4489 951 4547 quae
966 4470 1145 4529 Thuanaeus
1159 4468 1285 4528 coniecit
