3142 5059
453 402 682 463 CARMINVM
707 404 898 467 CATVLLI.
1191 410 1250 465 22⁷

79 584 299 661 westphalius
312 604 349 644 ex
363 586 499 662 Aeschyli
514 586 616 664 Suppl.
632 602 823 663 1053-1057
836 612 867 643 =
885 587 1099 664 1058-10621,
1114 590 1164 649 ubi
1179 590 1252 649 duas

80 682 236 758 strophas
255 683 322 742 deni
337 684 425 742 ionici
438 702 457 742 a
470 685 583 743 minore
596 686 732 744 efficiunt
776 686 858 745 Nota
871 704 918 745 res
936 705 971 745 ex
988 685 1094 745 Horati
1105 706 1130 745 c.
1146 687 1201 745 111.
1215 706 1250 745 ιι

80 779 282 839 Miserarum
299 786 341 839 est
354 800 437 856 neque
454 785 551 840 amori
567 783 635 840 dare
652 784 749 841 ludum
767 802 850 859 neque
870 784 953 854 dulci',
969 784 1049 861 quod
1069 794 1112 843 tot
1132 802 1252 859 passum

81 887 136 935 est
162 877 386 938 distributiones
412 888 486 955 quot
512 881 563 938 uix
590 880 669 939 aliud
693 899 802 957 poema
829 880 1042 941 Romanorum.
1085 881 1156 941 Hoc
1183 883 1252 941 siin

82 976 203 1033 ionicis
218 976 363 1035 aminore
383 993 597 1054 nonnunquam
617 980 734 1037 euenire
752 990 876 1055 poterat,
891 996 942 1039 cur
961 996 1022 1039 non
1039 979 1070 1037 in
1090 979 1172 1037 aliis?
1214 978 1252 1037 Et

83 1073 120 1129 in
144 1074 302 1147 paeonicis
322 1074 441 1151 quidem
456 1074 486 1133 id
500 1076 633 1134 euenisse
649 1077 731 1135 testis
747 1086 793 1135 est
807 1075 989 1153 Hephaestio
1011 1078 1041 1135 in
1062 1077 1168 1135 eodem
1185 1076 1252 1136 loco

84 1174 102 1241 b
117 1188 184 1240 124
193 1170 276 1226 Ἔστι
297 1173 325 1227 δὲ
345 1195 403 1227 τινιι
420 1174 454 1228 τὰ
467 1174 497 1245 ἐξ
510 1175 606 1243 ὁμοίιον
619 1172 686 1229 οὗτοι
698 1178 857 1245 πεποιημένα
878 1173 919 1253 (h.
933 1193 958 1233 e.
974 1176 1038 1231 κατὰ
1051 1173 1148 1247 σχίσιν
1160 1174 1207 1233 uel
1222 1175 1252 1231 in

85 1267 236 1344 strophas
256 1267 421 1343 distributa)
441 1268 497 1326 olor
516 1272 550 1326 τά
564 1270 684 1343 Ἑρμείου
703 1273 828 1327 maced
849 1270 912 1326 ὄντα

375 1399 456 1456 Ἑπτά
470 1424 515 1471 μοι
528 1402 568 1458 tte
580 1404 719 1473 τριάκοντα
731 1402 860 1467 βασιλεὺς
875 1404 973 1472 σχεδόν

88 1532 135 1585 ml
151 1532 188 1585 τὰ
202 1533 269 1601 ἑξῆς.
311 1528 396 1588 Idem
415 1530 544 1607 sequitur
561 1548 597 1589 ex
612 1540 672 1589 arte
687 1531 806 1589 musica.
848 1530 928 1589 Nam
949 1531 1157 1607 antiquissimis
1177 1541 1250 1589 tem-

88 1628 221 1703 poribus
245 1628 389 1686 canebant
413 1628 543 1686 carmina
563 1646 626 1687 non
649 1628 803 1705 legebant;
836 1626 1008 1687 canentibus
1030 1638 1138 1699 autem,
1163 1629 1251 1688 etiam

90 1744 180 1784 mera
201 1743 284 1791 voce,
301 1726 386 1784 certis
407 1725 584 1801 quibusdam
604 1727 703 1802 pausis
723 1745 794 1785 usus
814 1736 891 1797 erat3
914 1726 1006 1784 multo
1028 1736 1125 1784 autem
1146 1727 1250 1801 magle,

92 1825 118 1882 si
142 1824 223 1882 tibiis
244 1824 292 1881 uel
311 1823 427 1881 cithara.
470 1824 573 1899 Itaque
591 1825 640 1882 uix
659 1825 771 1883 maiora
789 1841 861 1883 uero
879 1824 951 1883 dixit
964 1822 1161 1899 Westphalius
1180 1823 1250 1881 diun

92 1920 228 1996 strophis
249 1920 374 1979 eandem
388 1930 562 1980 uetustatem
583 1922 668 1997 ponit
681 1939 770 1998 quam
790 1922 975 1981 carminibus,
1005 1917 1121 2001 (Catuli.
1135 1938 1165 1996 p.
1179 1917 1251 1997 270)

93 2018 182 2076 Num
204 2028 340 2095 putamus
362 2028 428 2077 ante
448 2019 601 2077 inuentum
620 2019 764 2094 Elegeion
788 2030 941 2095 ceteraque
962 2027 1122 2078 metrorum
1141 2035 1252 2094 genera

94 2117 287 2175 hexametros
301 2116 444 2175 diuisione
457 2118 584 2191 partium
598 2116 744 2175 caruisse?
771 2116 841 2175 Hoc
855 2126 899 2175 est
912 2116 982 2175 illud
997 2117 1119 2175 omnino
1133 2132 1251 2191 negare,

95 2215 181 2291 quod
202 2215 334 2273 nondum
354 2213 516 2289 perfectum
540 2215 585 2273 sit.
627 2214 692 2274 Nec
712 2234 730 2274 a
751 2216 862 2275 ratione
883 2216 1019 2274 abhorret
1039 2214 1134 2285 ὕμνους
1154 2213 1179 2271 si
1200 2214 1252 2289 qui

95 2313 233 2371 Deorum
254 2312 320 2371 iacti
337 2321 444 2381 essent,
464 2322 497 2369 ut
517 2330 612 2388 paean
632 2312 679 2371 ille
699 2331 760 2389 quo
781 2314 932 2386 πανημέριοι
947 2312 1069 2371 iuuenes
1083 2310 1250 2387 Apollinem

96 2410 268 2468 mulcebant
295 2406 341 2488 (Il.
357 2409 393 2466 Α.
410 2404 482 2484 472)
505 2418 538 2466 ut
564 2407 658 2466 melos
683 2426 777 2480 suum,
800 2409 840 2466 ita
862 2418 959 2485 partes
983 2407 1128 2467 habuisse.
1178 2406 1250 2465 Non

97 2507 169 2565 dico
193 2506 229 2566 de
252 2506 371 2582 stropha
392 2515 421 2564 et
441 2504 642 2581 antistropho;
674 2515 789 2581 poterat
808 2506 886 2563 enim
908 2523 1026 2564 carmen
1047 2505 1087 2563 ita
1108 2504 1197 2562 diuidi
1218 2514 1251 2563 ut

97 2615 178 2663 ratas
198 2606 338 2677 repimus
357 2602 478 2662 haberet
498 2620 594 2661 rerum
615 2603 711 2661 ordini
731 2603 976 2679 obtemperantes,
998 2619 1053 2661 nec
1074 2610 1174 2659 tamen
1196 2601 1251 2659 sibi

98 2700 313 2777 respondentes
331 2702 457 2758 inuicem
473 2718 555 2759 more
574 2700 710 2776 strophae
727 2710 756 2759 et
769 2700 950 2777 antistrophi.
992 2699 1061 2759 Hoc
1082 2717 1119 2757 ex
1139 2698 1250 2758 collatis

99 2800 168 2857 Iulii
186 2798 312 2857 Pollucis
330 2798 474 2857 Plutarchi
488 2798 652 2857 Aristotelis
672 2798 769 2857 uerbis
791 2799 923 2857 elucebit.
965 2798 1062 2857 Docet
1083 2798 1162 2855 enim
1183 2796 1251 2857 Plu·

100 2895 218 2955 tarchus
240 2894 298 2974 (De
320 2895 436 2955 Musica
453 2894 513 2973 ΙΙΙ)
536 2894 741 2971 Terpandrum
762 2898 935 2969 νιθιιρωδικῶν
954 2896 1063 2967 ποιητὴν
1083 2894 1145 2950 ὄντα
1165 2895 1251 2967 νάμοιν

101 3094 173 3165 ᾅδειν
185 3095 213 3148 ἰν
225 3097 280 3149 τοῖι
293 3093 400 3166 άγῶσιν.
415 3092 549 3164 drepana
562 3094 591 3147 δὲ
606 3096 699 3147 τοῦτον
717 3094 790 3165 Myce
810 3091 925 3162 ὄνάμοτσ
943 3097 1047 3164 πρῶτον
1066 3094 1122 3147 τοῖς
1141 3091 1251 3162 κιθαρισ-

103 3193 182 3247 duola
201 3193 296 3258 νόμοις.
325 3191 419 3260 ὁμοίως
438 3190 468 3245 δὲ
481 3190 637 3265 Τερπάνδρῳ
651 3192 762 3260 Κλονᾶν,
777 3190 824 3244 τὸν
843 3194 947 3261 πρῶτον
967 3190 1169 3257 συστησάμενον
1189 3188 1251 3245 τούν

103 3288 258 3363 οὒλφδιιιοὺι
271 3290 366 3356 νόμους
379 3288 420 3341 καὶ
433 3288 466 3342 τὸ
479 3288 610 3358 προσόδια
623 3287 746 3357 ἐλεγείων
757 3308 787 3340 τε
801 3287 842 3340 nul
857 3286 924 3341 ι’πῶν
937 3284 1045 3353 ποιητὴν
1057 3286 1190 3355 γεγονέναι
1201 3326 1207 3340 .
1222 3326 1229 3341 .
1242 3329 1249 3344 .

105 3388 137 3439 Oi
153 3384 182 3439 δὲ
199 3386 272 3454 νάμοι
292 3387 318 3439 ol
338 3386 402 3439 κατὰ
422 3384 528 3441 τούτους
548 3385 686 3439 athelred
702 3382 777 3452 ἦσαν,
795 3379 1071 3454 ’Δπάθιτοι,”Ελιγοι,
1086 3380 1250 3453 Κωμάρχιος,

105 3481 232 3553 Σχοινίων,
247 3480 352 3550 Κηπίων
364 3504 394 3537 τι
407 3482 449 3537 καὶ
463 3484 537 3537 Διῖοι
555 3483 597 3536 καὶ
608 3479 743 3553 Τριμελής.
765 3477 867 3553 ὖστάρφ
884 3480 912 3533 δι’
926 3480 1011 3553 χρόνῳ
1032 3476 1073 3531 καὶ
1092 3477 1126 3531 τά
1145 3479 1248 3547 πολυμ-

105 3578 194 3635 νάστιο
206 3576 349 3650 καλούμενα
362 3578 491 3651 ἐξιυρέθρ.
519 3578 551 3632 Ol
565 3579 593 3633 δὲ
607 3580 653 3646 τῆς
666 3576 818 3651 κιθαρῳδίας
831 3579 905 3644 νόμοι
919 3578 1046 3647 πράτιρον
1058 3576 1151 3648 πολλῷ
1163 3576 1251 3651 χρόνῳ

385 3760 394 3791 ¹
411 3763 493 3823 Ἡμιχ.
506 3758 537 3810 α’.
555 3758 655 3820 imas
666 3758 722 3809 Ζιὺι
733 3758 849 3820 άτσλάξιιι

553 3840 631 3901 νόμον
641 3840 809 3901 moveri
820 3860 868 3901 μοι·

412 3924 496 3985 Ἧμιχ.
507 3920 542 3979 β’.
552 3922 583 3970 τὸ
593 3921 639 3981 μὲν
648 3922 679 3971 dr
689 3918 812 3976 βάλτστον
823 3924 869 3981 εἴη.

552 4004 584 4053 σὺ
595 4003 621 4053 δὲ
632 4003 730 4066 θέλγοις
739 4002 768 4053 ἂν
779 4004 906 4055 ἄθελκτον.

411 4089 494 4150 Ἡμιχ.
506 4084 537 4135 a'.
553 4085 585 4135 ον)
595 4082 624 4135 δά
632 4086 657 4147 γ’
669 4087 712 4135 οὖν
723 4084 793 4135 οἶσθα
802 4087 833 4135 το
843 4085 944 4147 μάλλον.

412 4170 495 4231 Ἧμιχ.
506 4167 540 4225 β’.
552 4167 577 4217 τί
587 4166 613 4216 δὲ
624 4166 709 4227 μάλλον
720 4165 796 4230 φρένα
807 4168 860 4217 δίον

552 4251 654 4312 καθορᾷν
665 4248 721 4309 ὄψιν
732 4248 855 4305 levorem

553 4329 649 4393 μέτριον
660 4330 704 4379 νῦν
714 4328 771 4379 drot
781 4332 864 4391 εὔχου.

412 4411 494 4471 Ἡμιχ.
506 4409 537 4459 a‘.
552 4410 607 4459 τινα
617 4407 699 4472 καιρόν
708 4426 739 4467 ιιι
749 4408 882 4465 διδάσκοις

410 4488 495 4554 'flium
506 4488 540 4547 β’·
551 4491 583 4540 τι
594 4492 654 4541 θεῖν
663 4488 738 4549 μηδὲν
749 4486 854 4551 διάξειν·

630 4594 652 4640 c
666 4594 686 4658 g
703 4594 722 4643 ο
