3142 5059
434 369 662 430 CARMINVM
687 370 879 432 CATVLLI.
1170 376 1229 433 265

62 556 177 616 Nimis
192 556 302 633 opinor
315 557 446 633 abrupte.
488 555 587 616 Credo
601 556 752 633 stropham
765 558 967 634 praecessisse,
979 560 1008 617 in
1023 577 1082 636 qua
1095 560 1231 619 Praetex-

63 664 155 713 tatus
176 655 313 714 iubeatur
331 666 454 731 nuptam
474 672 493 712 a
513 672 588 713 cena
605 655 644 714 ad
661 654 821 714 thalamum
841 656 992 716 deducere.
1018 656 1233 717 -Conlirmatur

64 754 134 813 hoc
154 754 230 813 inde
243 753 324 829 quod
343 754 438 813 codex
451 752 471 811 Ιι
484 762 577 812 totam
596 753 746 829 stropham
764 752 926 813 Mitte-Io
945 754 1057 829 Hymen
1077 756 1233 832 Ilymnmer

66 852 197 910 omittit
241 850 326 909 Haec
347 850 372 909 si
391 867 460 910 uere
479 850 593 925 collegi,
607 860 652 909 est
667 860 697 908 et
711 849 785 910 haec
799 849 943 912 Mesodos
964 870 1015 911 serr
1037 852 1232 929 stropharum,

66 966 155 1023 quae
176 958 209 1006 et
227 948 309 1024 ipsae
327 948 370 1007 sic
388 947 680 1023 distribuuntru123.
722 948 829 1008 Totius
849 950 936 1026 igitru
954 950 1091 1010 carminis
1110 950 1168 1010 hoc
1187 961 1232 1010 est

68 1049 173 1117 extra

414 1191 558 1253 Mesodos
761 1194 907 1255 Mesodos

111 1283 308 1364 (uus-rao)
329 1304 537 1362 3222123.
560 1207 786 1368 malim
806 1308 887 1364 123.
907 1287 1147 1367 3r3r(uu.rrr-
1128 1286 1231 1367 2-40).

529 1607 555 1647 c.
570 1587 673 1647 LXIII
700 1589 788 1648 Attis.

122 1729 209 1789 Attin
224 1728 330 1788 Catulli
347 1729 425 1788 bene
441 1728 514 1787 uidit
527 1727 678 1799 Fraukius,
693 1729 724 1788 id
738 1728 819 1805 quod
833 1746 881 1787 me
896 1728 1043 1801 fefellerat,
1057 1738 1151 1789 totum
1166 1752 1233 1800 συμ-

77 1828 185 1901 utrm}
203 1827 244 1886 ita
263 1826 402 1903 scriptum
421 1844 487 1886 ease
502 1836 544 1896 ut,
558 1827 697 1886 seiunctIs
711 1827 802 1886 tribus
816 1827 925 1887 ultimis
938 1828 1071 1886 uersibus
1085 1829 1135 1903 qui
1149 1828 1234 1904 quasi

78 1925 209 2001 Epodos
230 1934 306 1995 sunt,
321 1923 409 1983 ceteri
429 1924 460 1981 in
480 1923 554 1982 duas
574 1942 660 2001 pares
680 1934 778 2001 partes
797 1943 882 1999 1-43,
900 1928 1000 1999 48-90
1017 1923 1232 1984 distribuantur.

80 2022 144 2080 ‘Iu
164 2021 274 2098 priore'
295 2031 361 2080 utor
381 2019 441 2080 fere
462 2022 559 2080 uerbis
580 2020 705 2092 Frankii,
721 2020 817 2080 ‘Attis
837 2022 936 2081 diuino
954 2021 1050 2081 liuore
1071 2022 1234 2081 concitatus

81 2118 387 2195 ‘cumsupatoribus
410 2126 548 2194 properat
570 2116 607 2175 ad
630 2135 753 2177 nemora
771 2116 907 2193 Cybeles,
927 2119 958 2177 in
979 2118 1140 2194 posteriore
1161 2135 1233 2177 con·

82 2221 211 2275 ‘uersus
230 2216 270 2276 ad
290 2215 501 2294 poenitendum
522 2214 661 2290 fugitiuus
674 2233 692 2274 a
706 2214 816 2291 Cybele
834 2216 902 2275 illuc
920 2216 1074 2293 repellitur.
1115 2215 1233 2275 Vtram-
1333 2213 1336 2221 ’

83 2319 166 2391 ‘que
193 2313 298 2373 harum
325 2314 450 2389 partium
481 2312 545 2388 pari
578 2329 702 2372 numero
733 2322 823 2389 poeta
856 2313 986 2373 definiuit
1013 2314 1234 2391 quadragenum

85 2418 225 2471 ‘ternum
246 2428 385 2471 uersuum
407 2412 509 2488 (1-43,
527 2406 653 2487 48—90).
696 2409 782 2482 Quos
804 2412 834 2469 in
854 2412 954 2470 medio
976 2412 1142 2471 conlocauit
1162 2428 1234 2487 qua-

86 2516 176 2568 ‘tuor
196 2526 299 2569 uersus
323 2508 475 2568 includunt
498 2508 671 2567 narrationis
695 2508 928 2569 conuersionem.
981 2508 1079 2568 Etiam
1103 2509 1236 2569 membra

87 2606 233 2667 ‘duarum
252 2606 379 2683 partium
397 2605 525 2664 eundem
540 2622 679 2664 uersuum
696 2622 851 2664 numerum
864 2604 1113 2682 complectuntur3
1134 2615 1235 2664 utrun-

88 2711 168 2781 ‘que
186 2712 299 2763 constat
318 2704 396 2762 senis
415 2712 445 2761 et
462 2702 582 2774 uicenis,
596 2718 665 2761 cum
683 2703 847 2779 appendite
866 2711 1055 2779 septenorum
1072 2700 1235 2763 denorum!

88 2802 175 2860 Vnde
187 2800 262 2860 haec
275 2800 369 2877 figura
382 2801 480 2860 euadit
496 2802 568 2865 2⁶÷
578 2811 612 2873 17
630 2802 745 2872 4-26÷
755 2812 790 2874 ιγ
808 2819 834 2875 3.

129 2898 284 2959 Orationes
304 2915 367 2957 non
388 2908 420 2956 ut
440 2896 583 2958 Fraulrius
604 2898 646 2956 sic
658 2897 815 2975 dispertio.
857 2895 987 2957 Primam
1007 2896 1087 2955 enim
1107 2894 1234 2977 (rr-at)

90 2996 157 3057 lacit
170 2998 211 3057 sic
225 2997 428 3055 decurrentem
445 3005 593 3068 a÷4÷r,
610 3003 766 3069 a÷5÷rr
789 2992 909 3054 alteram
923 2997 965 3057 sic
983 3014 1028 3067 ra,
1047 3014 1081 3057 ra
1092 3014 1101 3066 ;
1122 2996 1236 3055 tertiam

92 3106 178 3169 3÷3.
219 3092 294 3152 Mihi
314 3112 351 3152 ex
372 3094 456 3152 tertia
476 3092 652 3168 reliquarum
673 3092 809 3151 ducenda
829 3092 943 3152 uidetur
963 3094 1054 3165 ratio;
1077 3102 1110 3151 ut
1131 3110 1236 3151 omnes

91 3210 143 3269 per
155 3209 307 3251 numerum
322 3191 478 3250 ternarium
492 3192 523 3248 in
537 3198 634 3268 partes
648 3191 857 3251 describantur.
898 3190 944 3249 Ea
960 3201 1058 3249 autem
1072 3198 1117 3248 est
1135 3189 1236 3247 huius-

92 3289 171 3349 modi
184 3287 305 3368 (Cybele
318 3288 436 3348 leonem
450 3285 624 3367 alloquitur).

232 3548 308 3608 Face
320 3548 487 3626 utisurorr's
501 3551 557 3606 r'ctu
570 3550 688 3607 reddum
703 3550 733 3606 r'n
746 3567 858 3607 nemora
862 3549 956 3626 ferat,

233 3646 304 3706 Mea
317 3647 401 3706 libere
412 3649 496 3705 mirus
509 3646 668 3724 qutsugere
681 3648 798 3722 rinperrir
811 3649 892 3723 apat.

257 3765 295 3823 gc
306 3746 385 3804 caede
397 3751 475 3822 terga
489 3746 587 3816 cauda,
602 3752 651 3803 lua
664 3742 780 3802 uerbera
786 3752 893 3819 putere,

231 3841 309 3900 Face
320 3848 418 3900 nancta
431 3843 566 3918 magrinir'
574 3844 666 3899 sentia
678 3842 738 3899 loca
752 3847 880 3912 resonent,

229 3936 462 4018 Ruh'lamscrox
475 3946 567 3997 torosa
580 3941 683 3998 cerur'cc
695 3946 775 4017 quate
789 3939 890 3999 aiebam

130 3478 148 3512 a
182 3452 359 3877 [Cedent
373 3452 466 3527 inquil
474 3451 626 3529 ugcfirox
639 3451 734 3529 isare
747 3457 780 3509 ut
791 3451 966 3529 huncsuror
979 3452 1088 3521 anrirtet,

131 3750 153 3815 β

134 4105 286 4183 Vtriusque
300 4107 437 4183 strophae
454 4124 483 4165 u.
497 4106 608 4183 primus
622 4107 726 4182 primo,
740 4106 812 4167 alter
826 4105 985 4184 respondet
1000 4106 1088 4165 alteri.
1122 4105 1234 4164 Eadem

100 4204 277 4282 aequabilitas
294 4204 324 4262 in
337 4202 445 4263 Attidis
464 4203 502 4262 ad
522 4221 554 4263 se
572 4205 704 4263 oratione
720 4201 856 4282 (50-73).
898 4204 984 4276 Quae
1004 4221 1066 4262 non
1087 4202 1182 4261 solum
1203 4210 1235 4259 ut

100 4301 229 4363 Fraulrius
246 4320 299 4379 per
315 4320 351 4361 rr
371 4320 405 4361 ra
421 4300 575 4361 distributa
587 4312 640 4371 est,
655 4303 708 4361 sed
721 4302 826 4360 itemm
844 4302 875 4359 in
889 4303 937 4371 66,
953 4303 991 4359 66
1000 4320 1008 4374 ;
1030 4318 1068 4360 err
1082 4300 1128 4359 his
1142 4297 1236 4375 prIma

102 4420 131 4462 ac
144 4398 220 4461 tertia
233 4416 286 4477 per
302 4418 330 4475 3,
346 4416 362 4475 3
377 4400 468 4458 altera
480 4416 516 4459 ac
529 4408 632 4475 quarta
645 4414 698 4473 per
714 4416 767 4472 231
786 4396 965 4469 scinduntur,

625 4542 699 4587 Mtn
