3142 5059
511 386 872 448 PROLEGOMENA.
1236 386 1266 441 xi

122 568 228 629 XLIX.
248 588 260 628 1
285 570 477 631 Disertissime
489 571 610 633 Romuli
625 578 754 649 nepotum.
799 572 847 633 Sic
867 572 946 631 enim
967 571 1081 649 scripsit
1101 569 1139 628 ad
1160 568 1266 629 Colum

121 668 149 727 di
169 668 273 729 Rienzi
293 671 370 731 circa
389 670 611 748 unnum1347¹
632 672 751 749 Eloquib
771 672 927 733 Ciceronem
948 667 986 749 (te
1005 666 1110 745 di'curit)
1131 669 1173 726 ad
1189 687 1266 744 quem
1367 682 1374 693 ·

123 767 252 827 Cohelius
268 768 425 829 Veronensis
437 775 499 830 ait:
514 770 704 830 Disertissime
714 771 835 829 Romuli
844 777 973 847 nepotum.
1015 768 1087 828 Post
1100 767 1266 826 Petrarcam

121 864 225 925 Catulli
249 868 328 926 nulla
351 867 419 927 sacti
442 880 486 929 est
507 871 626 941 mentio,
649 888 725 945 quae
749 870 869 945 quidem
895 868 982 927 nobis
1007 866 1172 935 innotuerit,
1196 873 1266 922 ante

120 980 334 1040 annum1374.
376 967 448 1027 Eius
469 969 538 1027 anni
559 977 669 1027 aestate
690 967 829 1027 Coiucius
848 967 993 1025 Salutatus
1007 964 1202 1034 Florentinis,
1221 961 1268 1021 uir

120 1064 192 1122 inter
216 1064 401 1125 doctissimos
427 1066 500 1125 illius
529 1068 644 1139 saeculi,
668 1068 698 1125 in
720 1068 845 1144 epistula
865 1085 955 1144 quam
978 1065 1017 1124 ad
1039 1063 1202 1141 Caspasum
1228 1063 1266 1121 de

120 1161 291 1239 Broaspinis
304 1163 507 1223 veronensem
521 1165 606 1235 misit,
621 1166 703 1242 petiit
716 1167 753 1224 ab
770 1184 807 1224 eo
821 1176 853 1225 ut
867 1165 1013 1225 Catullum
1027 1163 1266 1239 Propertiumque

120 1262 173 1319 sibi
188 1272 302 1321 curaret
315 1264 561 1323 transmittendos.
604 1264 781 1323 Benucnutus
798 1266 829 1321 de
842 1262 933 1321 Imola
951 1282 971 1320 a
987 1282 1039 1339 quo
1049 1263 1175 1336 pri'mum
1194 1259 1225 1317 de
1243 1265 1269 1315 te

115 1366 203 1434 grati
222 1361 314 1435 accepi
328 1363 466 1437 suggessit
482 1364 534 1419 i'rrio
549 1362 681 1437 promisit
696 1381 715 1419 a
734 1368 757 1420 ic
775 1364 984 1436 impetraturum
1002 1366 1035 1417 ut
1048 1359 1226 1433 Propertium
1243 1363 1269 1413 et

122 1458 266 1517 Catullum
285 1458 420 1517 haberem.
461 1458 563 1519 Nescio
581 1460 656 1517 side
674 1460 723 1517 huc
738 1462 870 1535 scripsit:
889 1461 945 1516 scio
961 1458 1036 1534 quod
1051 1460 1195 1531 interprete
1212 1474 1267 1513 non

120 1558 226 1633 indigeo
240 1563 335 1616 tecum.
376 1554 446 1615 Illos
458 1560 489 1615 si
491 1564 567 1633 potes
569 1558 628 1635 sac
641 1564 675 1615 ut
686 1558 800 1615 uideam.
844 1555 909 1615 Vale
920 1560 1092 1615 meimemor.
1104 1554 1153 1611 Fl.
1165 1552 1266 1612 XIII.

120 1654 155 1713 kl.
170 1653 255 1713 Sext.
298 1654 383 1714 Idem
402 1674 474 1715 mox
494 1656 525 1714 in
546 1656 668 1732 epistula
690 1656 727 1715 ad
748 1655 952 1715 Binuenututn
972 1655 1009 1714 de
1026 1654 1121 1714 Imola
1140 1654 1179 1712 ab
1199 1654 1267 1729 ipso

119 1754 197 1827 petit.
245 1751 308 1811 Tua
326 1756 435 1829 epistola
453 1756 497 1813 ni'l
512 1755 677 1832 aliudsecit
693 1774 775 1831 quam
791 1774 871 1812 amor
884 1756 1036 1825 eleardus,
1050 1755 1179 1829 imprimis
1197 1752 1271 1827 quod

119 1858 243 1910 uotorum
257 1872 376 1911 meorum
390 1853 615 1929 diligentissimus
628 1861 756 1913 executor
770 1854 923 1929 &intranei
940 1851 1006 1933 (sic)
1017 1852 1196 1928 Propertium
1208 1851 1267 1911 Cei-

120 1952 269 2027 tullumque
280 1962 423 2027 prodires
438 1970 555 2028 quorum
569 1952 641 2011 mihi
651 1954 787 2029 milpaene
800 1956 962 2011 nisinomen
976 1954 1101 2011 innotuit.
1146 1949 1228 2021 Quid
1236 1955 1271 2007 ut

29 2086 34 2098 .
114 2050 246 2125 perficere
258 2052 363 2107 coneris
376 2069 470 2108 exoro.
512 2048 616 2127 Ingens
630 2054 700 2110 enim
714 2052 809 2126 cupido
822 2052 895 2109 mihi
903 2050 1026 2128 drusui!
1032 2057 1126 2125 poetas
1139 2051 1265 2124 aspicere.

121 2148 226 2207 Deinde
247 2169 288 2207 nie
307 2152 383 2207 tanti
387 2150 472 2227 sacis
492 2157 524 2207 ut
541 2152 702 2208 auctoritate
722 2169 780 2208 mea
802 2153 894 2209 utari's
917 2151 958 2207 ad
970 2150 1146 2225 probandum
1170 2166 1267 2205 uerum

121 2250 328 2335 trugoediarum
347 2256 483 2307 auctorem
500 2256 527 2307 et
543 2250 674 2307 incultam
693 2250 771 2307 illam
790 2252 926 2325 epistolam
945 2268 1030 2306 meam
1044 2268 1099 2325 qua
1117 2248 1149 2305 id
1159 2248 1272 2333 declaro,

121 2349 312 2407 candidissime
320 2348 489 2422 postulasti.
551 2394 558 2407 .
574 2392 580 2406 .
595 2347 785 2425 Egoflorcnti'
795 2349 859 2406 huic
873 2347 941 2405 urbi
950 2348 1014 2405 dum
1020 2348 1094 2425 sata
1107 2352 1195 2417 munt,
1209 2347 1268 2403 siue

121 2445 217 2504 bellum
231 2448 290 2504 siue
296 2445 396 2523 sames
408 2448 468 2503 sine
480 2448 564 2521 pestis
578 2447 701 2517 insultat,
710 2453 873 2523 perpetuum
887 2445 1040 2503 inhaerebo.
1085 2442 1162 2515 Quae
1174 2444 1271 2518 petisti

122 2562 181 2601 mem
196 2545 388 2619 praesentibus
408 2546 492 2602 mitto.
512 2544 581 2601 nale.
604 2542 692 2605 VIII.
711 2543 783 2603 Kal.
799 2542 928 2603 Sextilis.
983 2543 1101 2616 Audiui,
1117 2562 1168 2601 uae
1188 2542 1267 2612 mihi,

123 2641 292 2700 Petrarcam
310 2648 434 2700 nostrum
450 2644 492 2700 ad
505 2661 558 2700 sua
572 2644 665 2700 sidera
679 2644 855 2719 demigrasse.
870 2646 936 2718 quia
957 2642 1051 2701 nollem
1072 2660 1127 2699 non
1145 2642 1225 2699 credo
1243 2647 1270 2698 et

122 2743 186 2815 quia
208 2744 287 2799 te'nieo
297 2738 413 2818 sactum
435 2740 533 2799 dubito.
575 2738 701 2817 Siquid
718 2742 749 2798 de
768 2760 796 2800 eo
816 2742 897 2799 habes
917 2742 1043 2800 rescribe.
1085 2740 1191 2798 Iterum
1206 2740 1268 2797 ciale

111 2840 195 2917 felix
208 2842 361 2898 amicorum
375 2842 477 2915 optime.
507 2838 608 2899 Tertia
622 2841 745 2916 epistula
758 2841 797 2899 ad
812 2840 974 2917 Caspasum
992 2822 1029 2899 de
1043 2839 1212 2915 Broaspinis
1226 2839 1267 2897 sic

123 2940 226 2997 scribit
275 2936 425 3013 Guaspare'
439 2938 470 2995 de
487 2937 665 3014 Broaspinis.
703 2938 903 3013 Lpidissiinas
916 2947 995 3015 atque
1008 2941 1200 2997 ornatissimas
1213 2940 1268 3013 epi·

122 3036 204 3095 stolas
225 3043 289 3095 tuas
305 3038 398 3111 pridie
417 3036 502 3093 auida
523 3056 608 3096 manu
624 3038 674 3095 sed
688 3039 813 3097 huidibre
830 3045 914 3095 mente
929 3044 975 3095 tuo
991 3040 1051 3095 uiso
1063 3040 1168 3094 nomene
1181 3036 1268 3093 lacteis

122 3136 216 3211 accpi.
261 3134 300 3193 Si
312 3145 392 3209 prece
412 3136 459 3192 uel
473 3137 562 3210 pretio
578 3135 758 3211 Propertium
777 3137 810 3195 dc
829 3136 985 3195 bibliotheca
1006 3137 1083 3195 illius
1103 3135 1272 3193 celeberrimi

123 3236 190 3305 ui‘ri,
204 3232 362 3292 Petrarcac
378 3234 499 3308 iuquam,
516 3252 592 3309 quem
613 3233 689 3292 nobis
707 3235 878 3293 subtractum
898 3255 961 3305 esse,
975 3236 1085 3310 gloriae
1104 3241 1194 3291 tamen
1211 3240 1268 3290 tom

123 3337 224 3388 certum
243 3338 376 3406 quantum
390 3337 477 3405 potest
492 3331 613 3389 humano
626 3333 725 3391 iudicio
739 3333 906 3408 deprehendi,
920 3334 1024 3391 moleste
1029 3332 1101 3409 sero
1118 3338 1145 3389 ct
1160 3333 1269 3388 metrico

22 3504 24 3517 y
124 3429 345 3504 musculique
360 3429 500 3487 absoluere
519 3432 570 3487 cito
591 3436 624 3487 ut
642 3431 734 3489 uellem
756 3432 895 3506 impedior,
911 3432 1044 3489 lamentor
1057 3438 1083 3487 et
1091 3430 1156 3507 fleo,
1171 3429 1270 3486 haberi

120 3535 195 3600 posse
207 3527 322 3602 confidis
336 3528 424 3585 uelut
435 3546 509 3586 nieies
521 3530 561 3585 sit
572 3528 618 3585 ucl
629 3534 662 3586 ut
675 3528 834 3603 exemplari
847 3536 928 3605 queat
943 3530 1069 3604 deprecor
1084 3534 1116 3585 ut
1124 3537 1268 3602 procures.

127 3624 269 3683 Catullum
282 3644 358 3701 quem
372 3625 450 3683 medo
460 3635 586 3702 paruum
600 3626 720 3685 libellum
733 3634 785 3684 aut
798 3628 980 3703 exemplatum
996 3634 1047 3685 aut
1060 3626 1269 3702 exemplandum

125 3741 190 3799 rogo
210 3726 367 3783 transmitte
382 3768 480 3785 .....
497 3724 640 3785 Ciceronis
659 3727 784 3802 epistolas
805 3733 838 3784 ut
854 3728 929 3786 alias
946 3727 1017 3785 dixi
1030 3746 1121 3785 omnes
1135 3727 1229 3784 uellem
1244 3731 1273 3783 et

126 3822 195 3880 libri
210 3826 389 3899 quantitatem
410 3840 476 3899 rogo
494 3831 585 3882 notam
593 3825 703 3901 facias.
745 3824 821 3883 Illas
839 3828 948 3883 circiter
961 3823 1024 3884 LX
1039 3844 1109 3901 quos
1126 3825 1227 3882 habere
1245 3832 1270 3882 te

126 3921 192 3980 di'cis
212 3924 300 3980 nescio
321 3940 360 3979 an
382 3924 412 3979 iei
434 3924 588 3980 continuato
608 3934 684 3998 opere
705 3944 744 3981 ari
765 3931 907 3999 excerptas
928 3924 1028 3982 habeas
1049 3932 1129 4000 atque
1148 3924 1268 3994 delectas,

22 4102 23 4109 ἵ
127 4028 151 4076 et
162 4022 216 4079 ideo
229 4020 351 4078 arbitrie
368 4026 414 4078 tuo
431 4022 581 4080 dimiserim
599 4024 734 4099 numquid
749 4024 865 4082 illarum
885 4043 926 4082 me
945 4024 1013 4083 uelis
1030 4044 1085 4082 csse
1096 4026 1268 4100 participem.

129 4116 287 4178 Florentiae
306 4116 397 4176 XXI
413 4118 579 4180 Decembris.
630 4121 743 4181 Habuit
764 4124 850 4199 igitur
870 4123 1002 4199 Properti
1027 4123 1193 4200 exemplum
1214 4121 1269 4179 Pe·

129 4225 234 4291 trarcu3
257 4218 364 4278 Catulli
378 4218 402 4278 si
416 4218 523 4291 habuit,
540 4221 646 4279 mirum
660 4222 739 4297 quod
754 4222 825 4281 nihil
840 4222 877 4281 de
891 4239 928 4281 eo
942 4223 1012 4281 dixit
1027 4221 1173 4281 Colucius.
1209 4221 1269 4278 Aut

130 4314 207 4377 latuit
220 4318 372 4378 Petrarcae
389 4319 564 4397 exemplum,
579 4330 628 4379 aut
646 4322 776 4379 carmina
794 4321 824 4378 in
844 4321 938 4379 alieno
957 4321 1032 4379 libro
1051 4321 1167 4396 legerat.
1211 4317 1268 4376 Sed

239 4498 245 4527 ¹
262 4501 322 4548 Vide
333 4501 478 4549 Schwubium
490 4503 512 4548 in
525 4502 588 4550 Actis
601 4511 725 4549 conuentus
737 4502 927 4566 philologicorum
940 4501 1068 4549 Misniensis
1079 4516 1101 4561 p.
1112 4513 1165 4559 115.

661 4592 704 4654 *c
722 4612 739 4659 2
