3142 5059
839 779 925 847 CIV.

393 962 520 1029 Cranrs
543 980 596 1023 me
618 960 760 1045 potuisse
782 978 874 1021 meae
898 956 1089 1019 maledicere
1112 954 1211 1035 uitae,

437 1075 602 1139 Ambobus
624 1072 705 1136 mihi
727 1090 809 1156 quae
832 1070 936 1134 carior
958 1080 1008 1132 est
1030 1066 1155 1131 oculis?

395 1190 476 1254 Non
499 1188 602 1274 potui,
626 1207 697 1270 nec,
719 1187 748 1249 si
772 1204 910 1269 possem,
934 1195 1002 1248 tam
1025 1182 1149 1266 perdite
1170 1196 1337 1246 amarem:

438 1301 499 1366 Sed
522 1311 556 1362 tu
579 1318 652 1363 cum
674 1299 833 1382 Tappone
855 1298 966 1359 omnia
988 1304 1130 1357 monstra
1152 1291 1242 1353 facis.

850 1688 921 1754 CV.

395 1862 568 1929 Manrvrs
591 1872 727 1926 conatur
749 1860 910 1945 Pipleium
934 1858 1087 1923 scandere
1109 1866 1273 1920 montem:

440 1976 556 2043 Musae
579 1976 734 2040 forcilleis
755 1976 968 2060 praecipitem
990 1975 1136 2036 eiiciunt.

851 2263 928 2317 CIV.

349 2372 532 2427 camc.0111
543 2372 690 2425 continuant
704 2370 796 2423 codices
809 2368 938 2439 plerique,·
955 2368 1066 2437 spatirsm
1083 2368 1110 2419 in
1126 2365 1182 2421 Da.
1218 2366 1293 2419 corr.
1308 2368 1337 2420 D
1353 2370 1391 2421 sic
1409 2384 1468 2441 ssp-

308 2443 390 2514 pieus'r
402 2442 446 2496 Ad
459 2442 615 2511 Qendam.

354 2548 377 2585 r.
413 2530 450 2583 mi
465 2531 492 2581 D
563 2530 634 2581 mala
645 2527 738 2581 dicere
751 2530 797 2581 Da
869 2524 1023 2593 paledicere
1036 2526 1098 2578 coni.
1110 2523 1232 2595 Scaliger.

353 2618 379 2655 2.
414 2600 550 2669 nobispro
561 2599 627 2652 mihi
641 2600 670 2651 D
740 2598 806 2651 mihi
819 2608 876 2653 cett.
948 2612 1018 2665 quae
1031 2596 1127 2649 mihih
1197 2610 1279 2665 quam
1293 2596 1322 2653 0.

355 2690 380 2737 3.
415 2687 467 2724 nec
488 2671 564 2739 potui
585 2672 614 2723 H
630 2671 782 2739 Doeringius
803 2669 885 2738 Sillig.
922 2668 963 2736 Gs.
983 2669 1081 2721 ‘lima'
1101 2666 1191 2737 Adep.
1209 2668 1346 2733 111.4.13
1369 2668 1469 2738 Neque

316 2742 416 2797 faciam
435 2758 526 2809 neque
544 2757 590 2794 me
608 2741 673 2795 satis
690 2742 734 2809 pie
752 2756 832 2808 posse
850 2738 970 2792 arbitror
1087 2737 1108 2791 si
1123 2738 1208 2791 om.O
1324 2740 1469 2807 perdirao

317 2828 438 2867 amarem
451 2812 517 2865 Dad
583 2821 672 2853 snm-r
690 2810 1067 2865 ABCGLLa¹La²OVVen.h
1137 2824 1231 2863 amore
1243 2810 1278 2863 H.

354 2903 379 2948 4.
415 2898 479 2935 cum
495 2890 597 2951 tapone
610 2883 665 2935 AV
672 2883 726 2935 Vsc.
850 2897 914 2935 cum
927 2882 1057 2948 Cappone
1070 2881 1114 2933 Hd
1236 2888 1337 2935 cuncta
1349 2884 1469 2949 potesn

318 2960 505 3021 contaponens
523 2973 542 3006 a
636 2960 736 3007 cuncta
756 2968 827 3021 pene
848 2972 870 3007 c.
907 2952 1027 3021 supponis
1049 2970 1136 3004 nomen
1157 2950 1250 3021 iegitur
1271 2954 1298 3005 in
1318 2954 1469 3007 Mommsen.

319 3026 538 3095 Inscriptt.1458‚
557 3023 636 3077 Oreil.
652 3029 730 3090 3827,
749 3026 808 3077 Liu.
822 3024 940 3077 XXXV.
957 3039 1053 3087 10‚ao.
1075 3023 1223 3076 XXXVII.
1237 3026 1281 3087 46.
1306 3024 1469 3077 XXXVIII.

321 3099 363 3161 36.
463 3111 527 3149 cum
544 3110 669 3164 caupone
686 3096 725 3148 ed.
738 3098 785 3147 Pr.
799 3094 920 3165 Calpur-n,
934 3092 995 3147 ΛΜ.
1009 3096 1031 3148 1.
1044 3093 1127 3147 Guar.
1141 3094 1214 3147 Mur.
1227 3092 1295 3147 Scaii
1353 3094 1471 3149 cosma

320 3169 398 3220 Varr.
410 3169 502 3236 p.136
602 3167 752 3235 cumturpi
763 3181 813 3219 ore
825 3168 888 3219 coni.
900 3166 998 3218 Statius
1096 3164 1288 3233 cunctipotens
1322 3166 1468 3220 roehiiciu'ss

318 3239 376 3309 Ipse
393 3237 454 3291 oiim
473 3238 626 3292 confeceram
647 3252 712 3291 cum
731 3244 818 3291 uncto
839 3252 910 3306 pene
932 3234 1117 3306 (buntopene)
1247 3243 1351 3289 mostra
1371 3240 1430 3292 Ven.
1442 3239 1469 3291 D

319 3329 337 3363 a
350 3330 386 3363 m.
392 3322 438 3380 pr.

867 3430 927 3484 CV.

321 3542 454 3665 MCrsmdc.
467 3540 528 3593 CIV
536 3538 683 3593 continuans
694 3537 788 3591 codices
847 3535 892 3591 Ad
905 3532 1033 3589 Lesbiam
1046 3554 1064 3589 a
1124 3532 1169 3589 Ad
1182 3532 1336 3590 Mentulam
1349 3542 1378 3591 et
1388 3534 1467 3609 (dei)

356 3628 411 3665 usrs
441 3649 448 3663 .

362 3716 385 3752 1.
421 3696 539 3751 Centula
551 3698 580 3750 D
670 3696 801 3765 pipleium
814 3690 963 3748 CLa¹La²d
1054 3693 1177 3762 pipilium
1191 3695 1257 3749 Gex
1269 3695 1398 3763 pipileum
1409 3698 1468 3767 quod

322 3768 433 3823 habeto
531 3767 648 3835 pilerum
659 3767 685 3819 B
695 3778 765 3836 apr.
777 3786 858 3835 man„
870 3776 898 3819 ut
910 3766 1017 3834 uidetur,
1029 3766 1058 3819 H
1149 3765 1269 3834 pipleum
1281 3777 1339 3820 cett.
1350 3768 1389 3822 ed.
1405 3785 1465 3834 1473

325 3841 454 3894 Arruntius
474 3840 572 3891 Vossius
590 3840 617 3891 in
635 3857 725 3891 comm.
740 3839 849 3891 Lachm.
964 3828 1216 3889 ³‹··1111¹0¹·‹·Doacd
1331 3838 1470 3892 sinderei'

321 3901 444 3953 scindere
459 3920 516 3962 cett.
529 3908 664 3977 (sundere
676 3908 715 3977 0)
726 3920 752 3961 et
764 3909 938 3979 Philippensis
950 3910 978 3961 ni
984 3906 1080 3975 failor,
1092 3907 1130 3961 ed.
1142 3910 1190 3963 Pr.
1201 3908 1239 3963 ed.
1252 3922 1300 3973 147
1305 3926 1318 3974 3
1333 3911 1430 3963 Vossius
1443 3913 1465 3963 in

322 4001 414 4036 comm.
425 3980 501 4033 Gonr.
513 3981 544 4032 de
556 3978 633 4033 Ailio.
669 3980 719 4032 Sed
732 3980 815 4033 eodem
834 3980 905 4033 modo
916 3990 1100 4049 permraeamr
1115 3980 1183 4031 inter
1197 3997 1223 4033 se
1239 3979 1385 4035 scandulae
1401 3982 1464 4035 scin·

324 4052 414 4107 dulae.
451 4052 511 4105 Vide
522 4050 722 4105 ffildebrandm
734 4051 772 4103 ad
783 4051 860 4122 Apul.
873 4052 925 4104 111.
938 4066 978 4113 ῐ7.

363 4142 388 4179 2.
423 4120 536 4177 sorcillis
549 4123 635 4176 ACLc
705 4121 813 4175 sortillis
826 4123 855 4176 D
925 4120 1036 4175 foralliis
1047 4140 1067 4173 a
1136 4118 1249 4175 furcsslis
1262 4119 1354 4175 Laud
1413 4122 1464 4177 fur·

325 4242 522 4304 crrrssoow
537 4242 712 4315 rsrrsppemrs
782 4202 886 4297 fureris
899 4244 924 4295 r
989 4240 1130 4297 furtrrsrr
1197 4243 1300 4297 eiciunt
1313 4244 1404 4299 porr.
