3142 5059
302 347 363 405 240
705 342 762 403 DE
790 340 1051 403 PARTITIONE

302 528 333 586 In
346 538 472 605 quatuor
485 546 522 585 ex
537 526 584 585 bis
600 527 670 603 ipsis
687 538 801 607 septem
815 526 993 586 carminibus
1007 523 1149 583 Horatius
1170 542 1239 583 usos
1259 522 1364 597 fuerim
1386 542 1461 585 narn

302 622 456 695 I.rr,18,
481 624 533 683 IV.
553 642 589 682 10
613 623 720 683 eodem
743 632 838 682 metro
864 624 977 699 scripsit
1001 640 1063 699 quo
1087 632 1181 681 totum
1207 622 1311 681 librum
1339 626 1462 683 tertium

303 721 441 799 Sappho;
463 721 572 781 lIl.1a
595 722 698 780 ionicis
718 738 737 778 a
756 722 871 780 minore
891 720 997 797 quibus
1011 720 1139 780 Alcaeus
1159 738 1280 779 carmen
1297 722 1347 791 ἐμὲ
1366 724 1463 779 δειλὰ,

302 822 347 889 ἐμὲ
373 824 463 877 eae&
489 823 635 877 καστάνων
660 821 837 891 napea:
873 818 958 895 signa
985 828 1084 877 autem
1111 818 1273 894 partitionis
1301 837 1374 877 cum
1400 821 1461 878 iam
1530 840 1531 877 l

304 916 535 993 Hephaestionis
557 928 689 993 tempore
711 916 869 973 obscurata
892 924 998 985 essent,
1022 914 1128 974 mirum
1155 916 1180 973 si
1204 916 1378 992 incorrupte
1409 936 1462 993 per

302 1025 348 1075 tot
361 1016 479 1075 saecula
491 1016 531 1075 ad
544 1032 600 1073 nos
614 1012 831 1090 peruenissent:
853 1030 925 1088 ergo
939 1030 976 1071 eo
990 1014 1086 1088 magis
1101 1022 1130 1071 te
1147 1012 1287 1071 inclinare
1300 1024 1335 1072 ut
1354 1032 1461 1073 uerum

303 1114 407 1173 credas
426 1112 509 1191 quod
529 1131 548 1172 a
567 1112 648 1171 nuho
665 1122 798 1170 ueterum
818 1110 955 1169 traditum
974 1111 1011 1170 sit
1024 1128 1114 1187 quam
1133 1119 1165 1169 ut
1178 1110 1331 1170 formitum
1345 1112 1460 1171 babeas

231 1277 237 1290 ¹
303 1212 475 1288 quodcum
496 1219 576 1268 tanta
596 1220 657 1268 arte
677 1208 866 1267 coniunctum
887 1206 1026 1267 uideatur.
1070 1206 1149 1267 Hinc
1168 1208 1236 1267 site
1252 1208 1292 1266 ad
1306 1206 1459 1268 Catillum

303 1306 492 1375 conuerteris,
506 1304 648 1364 nonnulla
664 1304 797 1363 inuenies
810 1322 887 1382 quae
906 1305 1091 1381 partitionem
1110 1304 1264 1364 admitttmt
1279 1323 1344 1363 non
1359 1307 1458 1375 dubie,

302 1416 335 1464 ut
355 1404 451 1475 LXII,
465 1402 559 1474 XLV,
572 1402 670 1473 XLII,
684 1402 797 1473 XXIX,
813 1402 909 1472 XXV,
924 1401 1023 1473 XVll,
1039 1401 1091 1461 tv.
1134 1402 1225 1478 Atqui
1243 1402 1281 1461 de
1298 1404 1457 1479 paratione

303 1501 409 1561 Camlli
429 1518 467 1559 ne
487 1517 564 1559 unus
584 1500 705 1577 quidem
722 1510 854 1560 uetemm
874 1500 945 1559 dixit
963 1500 1130 1576 quicquam.
1171 1500 1259 1558 Vnde
1280 1518 1318 1559 ex
1341 1512 1373 1559 te
1394 1501 1457 1576 ipse

304 1598 442 1659 iudicium
466 1597 564 1669 iacies,
587 1615 643 1656 nec
667 1598 789 1657 dubium
814 1614 939 1655 examen
963 1597 994 1653 in
1019 1597 1107 1655 dubia
1127 1598 1235 1655 trutina
1256 1598 1457 1673 castigaueris

304 1695 392 1755 Nunc
413 1696 525 1771 respice
545 1712 664 1755 carmm
684 1694 810 1770 longius,
831 1694 897 1753 dico
917 1692 1043 1770 Nuptias
1057 1692 1190 1753 Thetidis
1211 1705 1241 1753 et
1262 1694 1352 1753 Pelei.
1395 1695 1457 1753 Pri-

304 1812 386 1853 mum
404 1804 539 1853 occurret
556 1794 639 1870 quod
662 1802 690 1853 te
713 1802 811 1851 teneat
835 1790 963 1851 Carmen
984 1790 1148 1863 Parcarum,
1168 1792 1251 1869 quod
1273 1810 1292 1851 a
1313 1811 1403 1851 uersu
1427 1794 1457 1850 in

304 1892 440 1969 strophas
461 1891 598 1968 digeritur
616 1899 784 1951 constanter
804 1890 856 1949 sed
875 1889 997 1949 diuersis
1017 1890 1174 1949 intemallis
1195 1891 1319 1966 repetito
1336 1891 1458 1952 carrus

303 1990 425 2048 ducentes
437 1989 616 2065 subtegmina,
629 1987 817 2065 curralesusr'.
859 1986 924 2047 Iam
945 1988 1161 2047 interuallomm
1179 2005 1256 2065 quae
1277 1988 1314 2047 sit
1334 1990 1410 2047 ratio
1431 1990 1457 2046 si

303 2088 501 2149 coniecnrram
523 2086 621 2147 facere
645 2086 807 2157 conaberis,
831 2086 1019 2146 examinandi
1043 2096 1110 2145 sunt
1138 2086 1250 2145 numeri
1274 2086 1368 2162 ipsius
1393 2104 1456 2145 car-
1530 2084 1531 2109 ³

304 2186 399 2256 minis,
414 2184 521 2244 deinde
539 2184 676 2243 similium
690 2184 752 2243 side
766 2180 872 2243 Catulli
891 2182 953 2242 siue
971 2182 1059 2241 alium
1073 2201 1162 2260 quem
1180 2195 1230 2242 aut
1247 2185 1312 2259 ipse
1325 2184 1456 2242 imitatus

304 2293 358 2354 est,
368 2293 418 2342 aut
427 2284 479 2358 qui
492 2301 560 2341 eum
574 2282 666 2343 seculi
679 2292 755 2341 sunt
782 2280 886 2357 Itaque
900 2290 992 2341 ratam
1007 2298 1194 2341 numerorum
1208 2283 1455 2340 consecutionem

304 2398 360 2439 nec
385 2399 404 2440 a
425 2378 586 2439 Theocrito
611 2380 714 2439 abesse
739 2377 874 2455 intelligis
898 2396 956 2437 nec
975 2379 1014 2437 ab
1034 2379 1096 2437 eius
1116 2380 1335 2455 aequalibus,si
1356 2380 1456 2437 minus

304 2478 488 2555 exploratam
508 2494 624 2553 semper
644 2484 776 2535 eterna
796 2476 1017 2545 dubitadonem,
1039 2488 1069 2535 at
1092 2487 1276 2536 constantem
1300 2487 1330 2535 et
1354 2494 1455 2553 quam,

303 2585 337 2634 ut
354 2575 481 2633 obscura
501 2574 659 2651 aliquando
676 2573 753 2633 facta
766 2574 804 2633 sit
817 2574 959 2650 corruptis
976 2574 1127 2633 codicibus
1141 2574 1188 2633 uel
1202 2575 1283 2652 quod
1302 2592 1365 2633 non
1385 2576 1456 2633 satis

305 2680 351 2730 est
378 2672 509 2747 quaesita
536 2671 697 2747 diligenter,
721 2688 786 2731 esse
810 2680 909 2731 tamen
934 2688 1105 2747 persuasum
1123 2672 1252 2731 habebis
1309 2670 1396 2731 Idem
1423 2672 1455 2731 in

304 2767 416 2844 Vergili
443 2767 547 2826 cadere
568 2766 716 2838 Bucolica,
744 2779 774 2826 et
802 2768 915 2845 siquis
939 2768 1011 2827 alius
1037 2769 1078 2827 sic
1104 2769 1217 2845 scripsit
1238 2766 1455 2839 Romanorum,

304 2882 366 2923 non
390 2864 458 2923 ideo
482 2865 604 2939 negabis
628 2864 710 2941 quod
731 2866 783 2941 qui
808 2868 927 2943 primus,
950 2868 980 2924 ni
1004 2866 1096 2937 fallor,
1120 2866 1151 2925 id
1174 2867 1281 2925 diserte
1305 2866 1454 2942 praecepit

304 2958 492 3031 Ribbeckius,
515 2961 625 3020 incerta
648 2953 790 3021 nonnulla
817 2964 953 3038 posuerit
997 2962 1077 3021 Hinc
1099 2972 1257 3040 postquam
1279 2963 1455 3023 intellexeris

304 3058 434 3119 carmina
460 3076 514 3135 per
540 3060 694 3135 repetitum
722 3078 840 3119 uersum
869 3062 962 3121 diuisa
989 3062 1020 3119 in
1047 3062 1182 3137 strophas
1209 3062 1301 3121 modo
1325 3062 1454 3122 eundem

304 3175 460 3217 numemm
473 3174 612 3217 uersuum
626 3157 656 3215 in
670 3158 784 3217 duabus
799 3159 925 3235 strophis
936 3178 1046 3235 ponere
1060 3169 1092 3219 ut
1103 3160 1240 3235 strophae
1254 3161 1454 3237 antistrophus

304 3256 490 3333 respondeat,
501 3256 593 3315 modo
607 3256 638 3314 in
648 3255 786 3333 pluribus,
797 3256 878 3315 uelut
892 3256 917 3317 si
930 3258 1059 3334 quinque
1074 3258 1210 3334 strophae
1224 3258 1282 3317 sint
1295 3260 1454 3334 quinorum
1530 3280 1531 3285 ¹

304 3375 443 3417 uersuum
451 3376 460 3431 3
479 3356 626 3416 interdum
640 3356 767 3433 strophis
779 3356 930 3433 inparibus
944 3374 1019 3433 quae
1034 3376 1066 3417 se
1080 3358 1207 3416 inuicem
1221 3356 1369 3435 excipiant
1383 3376 1452 3417 mox
1530 3368 1531 3445 l

304 3456 376 3515 alias
400 3455 498 3515 inferri
522 3456 628 3532 pan'ter
652 3455 778 3531 inpares,
800 3464 832 3513 ut
854 3456 878 3514 si
899 3480 917 3511 a
934 3478 966 3507 =
985 3474 1012 3527 4,
1034 3460 1096 3529 35,
1119 3458 1169 3530 7⁶
1195 3474 1265 3514 mox
1294 3455 1453 3515 inferantur
1530 3472 1531 3475 ’

303 3554 360 3624 α’4
384 3554 445 3626 β5
470 3552 591 3627 7¹6uel
604 3553 720 3612 Inuerse
738 3554 796 3627 7¹6
822 3552 881 3626 85
906 3554 929 3608 α’
945 3571 981 3625 4;
1003 3553 1084 3629 quod
1098 3553 1264 3629 proximum
1279 3562 1332 3623 est,
1348 3552 1453 3613 Parca-

303 3667 368 3707 rum
383 3667 501 3708 carmen
514 3668 638 3726 quaeres
651 3668 727 3727 quos
740 3650 848 3709 habeat
861 3666 1000 3710 numeros
1014 3652 1166 3727 quomodo
1185 3651 1223 3710 ad
1242 3668 1298 3709 nos
1315 3652 1451 3711 traditum

304 3754 349 3803 est
369 3745 400 3803 in
420 3746 579 3805 codicibus.
620 3747 695 3806 Sunt
711 3757 809 3807 autern
833 3747 863 3806 hi
886 3750 944 3821 564
961 3762 1060 3822 55545
1076 3751 1114 3820 46
1130 3766 1198 3823 433.
1240 3747 1308 3807 Hos
1329 3766 1451 3825 propor-

304 3843 385 3901 tione
406 3843 534 3918 quadam
549 3844 623 3903 Inter
637 3864 669 3904 se
683 3847 761 3905 necti
775 3862 837 3905 non
851 3856 895 3905 est
909 3845 1066 3918 diuinatio;
1088 3846 1202 3905 etiamsi
1223 3846 1260 3904 de
1280 3862 1317 3904 ea
1337 3846 1451 3905 dubites

304 3956 381 4015 quae
404 3940 448 3997 sit.
490 3938 571 3997 Nam
596 3941 621 3999 si
643 3942 764 4001 artificio
786 3944 951 4018 quaesitum
973 3952 1019 4002 est
1042 3960 1145 4003 uersus
1167 3942 1306 4013 diuidere,
1328 3945 1451 4002 carentis

304 4046 350 4096 est
369 4035 490 4095 artificio
512 4037 535 4094 si
557 4037 707 4096 diuisionis
728 4039 824 4115 legem
845 4058 907 4098 non
925 4040 1091 4115 inuestiges.
1134 4039 1200 4099 Nec
1215 4040 1240 4099 si
1254 4038 1285 4097 id
1305 4038 1352 4097 alii
1373 4040 1451 4098 aliter

305 4133 527 4210 descripserunt,
542 4133 610 4193 ideo
629 4136 736 4195 tollitur
755 4137 920 4213 descriptio.
935 4138 987 4195 sed
1008 4138 1100 4197 habes
1121 4154 1240 4197 causam
1262 4154 1313 4196 cur
1333 4137 1371 4196 de
1392 4147 1449 4197 tam

303 4234 415 4291 ineerta
434 4248 467 4289 es
481 4241 594 4290 ueteres
615 4243 676 4292 tam
696 4252 791 4311 pauca
810 4236 1016 4311 praeceperint.
1059 4234 1130 4293 Post
1144 4236 1202 4295 hoc
1221 4236 1246 4293 si
1264 4252 1367 4293 uersus
1380 4254 1448 4294 con·

305 4330 439 4389 sideratis
461 4331 643 4406 praepositos
657 4331 814 4392 Parcarum
839 4332 967 4404 carmini,
987 4332 1150 4408 uiderisque
1172 4334 1256 4410 quasi
1280 4342 1385 4408 sponte
1409 4334 1447 4393 sic
