3142 5059
608 359 666 420 An
687 360 742 420 111.
761 363 805 423 ιο.
1031 452 1033 455 Ι
1219 368 1276 424 sos

132 543 311 604 ‘souueuirs
328 542 493 604 conlondus
511 544 585 605 dans
604 563 637 604 sa
653 545 793 606 memoire
810 544 941 605 s'etaient
957 545 1124 607 conlondus
1142 547 1217 607 dans
1235 547 1278 608 les
1335 597 1338 604 .

132 647 142 673 ‘
156 641 369 718 uersr'culiqu’il
378 641 456 702 auait
464 641 550 702 ecrits
560 661 609 704 sur
619 643 647 704 la
657 653 734 704 mort
744 643 781 704 de
791 644 820 704 la
828 645 917 722 petite
925 643 1015 722 Myia,
1023 645 1164 723 quelques
1173 645 1278 707 beures

132 739 289 818 ‘peutdtre
309 739 394 818 apres
413 741 441 800 le
461 743 592 820 tragique
612 741 795 815 euenement,
814 753 844 802 et
863 743 892 802 la
911 744 997 803 ieune
1017 743 1105 804 Doila
1122 743 1277 824 (Domina)

132 843 142 872 ‘
158 838 210 916 qui
220 837 262 898 les
275 839 353 898 auait
362 838 407 899 lus
420 839 587 917 longtemps
601 850 689 900 auant
702 859 777 901 nous
791 842 869 901 auait
882 842 1090 902 certainement
1098 840 1143 902 ete
1153 843 1277 904 touchde

132 941 142 970 ‘
158 936 197 996 de
207 955 242 996 ce
251 937 338 1013 pieuu
352 935 511 1014 hommage
525 937 597 998 dont
611 957 669 998 une
682 939 782 998 bonne
795 940 886 1016 partie
899 939 1275 1018 remonuitiusqu’aette1.’

133 1038 182 1110 (a)
199 1033 275 1095 Cum
296 1035 361 1095 ista
380 1036 411 1095 in
428 1053 457 1095 u.
472 1055 484 1095 1
502 1037 631 1114 positum
650 1037 695 1108 sit,
710 1055 771 1097 non
788 1037 827 1098 ad
843 1038 1013 1114 scriptorem
1026 1039 1161 1098 carminis
1174 1057 1276 1100 neces·

131 1133 213 1193 sario
234 1133 394 1194 relenmtur
413 1153 462 1194 uu.
475 1151 532 1210 a,3
552 1135 605 1196 sed
625 1145 657 1195 ut
678 1137 773 1196 sinus
797 1135 838 1195 ita
861 1154 1001 1196 somnus
1024 1147 1054 1197 et
1076 1136 1189 1197 cubile
1213 1138 1276 1198 eius

132 1241 205 1292 sunt
231 1251 306 1310 quae
335 1251 422 1293 uersu
451 1235 469 1292 6
498 1233 623 1310 primum
656 1245 902 1294 commemoratur
929 1234 1084 1295 ‘Riualis
1118 1234 1277 1296 dominae

132 1333 143 1361 ‘
158 1327 360 1389 licentiosa’
404 1331 448 1406 (3)
466 1329 571 1390 Melius
587 1332 626 1390 ab
639 1340 768 1391 amatore
785 1331 923 1392 dominae
936 1332 1040 1392 dicitur
1052 1331 1100 1392 bic
1112 1351 1141 1391 u.
1154 1335 1172 1391 6
1186 1351 1275 1410 quam

132 1428 174 1486 ab
187 1428 252 1504 ipsa
264 1425 393 1499 domina,
407 1445 496 1504 quam
510 1445 577 1488 non·
585 1428 673 1488 credo
686 1429 724 1489 de
742 1429 842 1489 alienis
861 1431 1009 1489 amoribus
1027 1429 1168 1490 dicturam
1186 1430 1275 1490 luisse

133 1527 166 1585 in
188 1525 336 1603 epitaphio
359 1525 506 1586 delicatae.
548 1525 659 1586 Contra
679 1527 704 1586 si
724 1527 761 1586 ad
782 1536 944 1586 amatorem
963 1526 1120 1600 referimus,
1140 1529 1208 1589 lecit
1227 1528 1275 1589 hic

132 1623 215 1683 idem
235 1623 315 1702 quod
335 1621 465 1684 Catullus
485 1625 525 1684 de
544 1623 667 1688 lesbiae
687 1643 756 1684 suae
776 1642 902 1702 passere,
924 1625 1050 1686 Ouidius
1069 1627 1108 1687 de
1129 1626 1275 1688 Corinnae
1320 1670 1322 1673 -

132 1724 269 1801 psittaco,
288 1721 394 1782 Statius
414 1723 452 1783 de
472 1724 595 1799 psittaco
615 1723 703 1782 Atedi
721 1721 860 1795 Melioris,
877 1723 1017 1784 Martialis
1036 1725 1073 1784 de
1091 1725 1157 1785 Issa
1174 1726 1275 1785 catella

133 1819 227 1880 Publi.
268 1819 365 1880 Etiam
378 1839 425 1880 um
443 1834 521 1896 7-10
538 1821 576 1880 ad
595 1821 709 1880 tertium
729 1820 855 1899 aliquem
871 1822 974 1882 merito
987 1822 1110 1895 reseras3
1131 1824 1181 1882 uix
1195 1825 1274 1883 enim

132 1919 173 1978 de
188 1919 247 1978 suis
262 1919 370 1979 deliciis
389 1919 549 1997 scripsisset
567 1920 684 1979 Altum
705 1920 772 1979 iam
792 1930 884 1980 tenet
904 1921 1048 1980 insciam
1069 1922 1273 1998 sepulcrum,

132 2025 211 2096 qu'ae
224 2020 314 2079 uerba
332 2021 445 2097 poetice
463 2022 558 2097 magis
571 2037 660 2097 quam
679 2039 716 2081 ex
734 2038 809 2081 uero
825 2022 932 2082 affectu
950 2023 1028 2081 dicta
1044 2021 1186 2081 uidentur.
1226 2020 1274 2082 De

132 2117 255 2178 artificio
269 2127 374 2195 poetae
387 2119 463 2179 bene
478 2119 611 2179 disseruit
624 2119 805 2180 Bischoffius
834 2119 945 2180 Versus
958 2121 1037 2179 enim
1050 2130 1131 2181 arcto
1145 2121 1274 2199 quodam

132 2215 252 2275 uinculo
272 2217 346 2276 inter
367 2235 399 2276 se
421 2227 612 2276 conectuntur
619 2237 628 2291 ;
659 2235 687 2290 4,
710 2230 744 2292 7;
776 2237 804 2293 3,
826 2221 844 2277 8
866 2219 917 2277 ubi
943 2219 1123 2294 respondent
1149 2220 1274 2291 somni,

132 2316 346 2393 sepulcrum;
368 2331 424 2393 5,9
438 2317 488 2377 ubi
502 2318 645 2378 latrares
668 2320 797 2392 seuire;
822 2337 847 2391 1,
859 2337 896 2378 ro
909 2320 960 2379 ubi
974 2319 1093 2391 dulcis,
1114 2320 1273 2397 benigna,

132 2414 273 2475 blandis
297 2416 469 2476 morsibus
491 2416 638 2477 renides.
679 2416 726 2476 De
746 2428 880 2494 ternpore
898 2435 959 2495 quo
980 2418 1182 2494 scriptumest
1201 2419 1274 2479 nibil

132 2513 276 2591 explorati
289 2513 393 2573 habeo.
429 2513 521 2586 Quod
535 2516 613 2574 enim
626 2514 723 2574 literae
737 2533 842 2574 onmes
855 2527 924 2576 sunt
936 2516 1121 2590 maiusculae,
1135 2517 1273 2594 quodque

131 2613 191 2672 nisi
207 2613 238 2671 in
256 2630 316 2672 uno
336 2613 480 2672 uocabulo
501 2611 667 2674 MORSIB.
689 2632 742 2690 pro
763 2613 972 2674 MORSIBVS
993 2615 1099 2674 absunt
1116 2615 1274 2692 scriptmae

131 2712 317 2788 compendia,
331 2729 393 2771 non
409 2712 532 2771 multum
552 2712 620 2772 hinc
641 2711 828 2772 concluditur.
871 2712 972 2772 Vnum
989 2713 1027 2772 de
1048 2730 1115 2798 meo
1133 2713 1273 2774 afferam:

130 2811 163 2870 iu
176 2828 206 2868 u.
222 2824 239 2884 5
260 2809 366 2870 modo
386 2810 467 2888 quod
484 2809 613 2887 plerique
631 2828 699 2870 cum
718 2809 862 2871 latrares
883 2812 1072 2889 coniungnmt,
1086 2812 1156 2871 mihi
1177 2813 1274 2890 potius

132 2927 202 2969 cum
222 2909 251 2968 si
278 2909 355 2985 quis
382 2909 565 2969 adcubaret
586 2909 824 2985 coniungendum
842 2909 943 2969 uideri.
993 2908 1064 2968 Non
1084 2911 1163 2969 enim
1185 2910 1275 2970 credo

131 3017 252 3086 poetam
270 3007 372 3068 modo
391 3025 545 3084 usurpasse
565 3007 622 3068 hoc
643 3025 731 3068 sensu
749 3017 781 3068 ut
797 3008 876 3067 idem
890 3007 971 3086 quod
988 3026 1097 3085 nuper
1117 3020 1210 3081 esset3
1232 3009 1274 3069 sic

131 3108 212 3166 enim
226 3107 454 3184 exspectandum
474 3117 551 3166 esset
572 3105 745 3178 Latrabas,
764 3125 826 3166 non
846 3106 1016 3167 Latrares.
1059 3106 1090 3165 Si
1107 3117 1204 3165 autem
1217 3124 1273 3184 pro

130 3214 264 3264 tantum
284 3205 441 3281 usurpauit,
455 3203 526 3282 quid
540 3205 609 3264 uelit
622 3217 683 3264 uon
698 3205 844 3281 intellego.
887 3204 1000 3264 Contra
1018 3204 1124 3264 modo
1146 3203 1175 3262 si
1197 3204 1273 3280 quis

131 3321 187 3380 pro
216 3303 245 3363 si
274 3303 351 3380 quis
378 3303 480 3363 modo
502 3302 587 3362 simili
610 3319 778 3380 quanquam
802 3319 863 3361 uon
886 3302 993 3362 eodem
1015 3319 1071 3361 usu
1094 3301 1191 3378 posuit
1211 3319 1273 3379 quo

132 3400 258 3461 Ouidius
272 3400 360 3462 Trist
374 3399 414 3459 H.
432 3402 488 3476 263

335 3549 496 3627 Persequor
510 3549 638 3628 rizs'erries,
652 3549 727 3608 modo
739 3550 769 3608 si
778 3549 841 3608 licet
850 3548 1042 3628 ordziresem',

376 3649 463 3708 Posse
476 3667 567 3707 nocere
579 3649 681 3707 aminsi
693 3649 828 3707 cornuali
840 3665 916 3706 omne
922 3667 1023 3725 germ,

128 3831 162 3881 et
186 3830 256 3899 post
276 3819 416 3881 Ouidium
439 3821 530 3892 multi,
552 3822 619 3882 iuris
641 3821 765 3882 consulti
787 3822 926 3900 inprimis,
948 3823 973 3884 si
993 3822 1066 3884 fides
1086 3831 1131 3883 est
1151 3822 1272 3884 Handio

131 3919 287 3980 Tursellin.
307 3918 363 3979 111.
382 3922 450 3996 633,
475 3919 623 3998 Papinian.
642 3919 711 3998 Dig.
729 3923 775 3980 26.
792 3941 820 3993 s,
835 3924 873 3981 28
900 3919 961 3993 Qua·
982 3923 1093 3981 tutelam
1120 3929 1273 3981 tutamento

131 4021 291 4078 mandatam
308 4020 494 4078 excreationis
511 4021 573 4078 aiere
589 4021 723 4096 mopere
741 4022 835 4093 nolur't,
850 4020 886 4080 ab
903 4021 949 4080 his
966 4040 1067 4099 quoque
1083 4023 1181 4099 legalis
1197 4043 1273 4082 non-

131 4119 279 4178 mouendus
292 4121 346 4177 en't
355 4117 504 4194 quaefilti's
516 4120 574 4177 erics
587 4119 682 4178 relicto
695 4126 763 4178 ment
773 4119 848 4178 modo
861 4120 891 4178 si
899 4121 989 4196 legata
995 4121 1062 4196 filit·
1071 4139 1125 4179 non
1137 4121 1273 4198 affictione

127 4219 255 4295 propris,
269 4217 318 4277 sed
329 4219 359 4276 in
371 4217 499 4276 honmm
506 4219 601 4292 patrii
614 4224 779 4276 meruerunt.
809 4217 853 4277 Cl.
868 4218 905 4277 id.
920 4217 988 4296 Dig.
1002 4237 1049 4296 39,
1065 4237 1090 4290 1,
1105 4221 1140 4277 18
1155 4217 1270 4294 leiau.

492 4425 498 4456 ¹
517 4429 606 4476 Bauius
617 4429 675 4490 apud
687 4427 842 4482 Bischoffium,
856 4442 878 4488 p.
890 4425 913 4474 8.
