3142 5059
523 414 877 477 PROLEGOMENA.
1220 418 1268 477 xix

128 601 348 675 Gemranensis,
362 602 434 663 dum
448 605 566 663 unicum
581 622 613 663 se
626 604 774 681 exemplar
788 604 867 681 quod
881 614 1014 675 exstaret,
1028 606 1098 665 dicit
1117 607 1271 683 transcrip-

129 702 211 771 sisse,
233 718 288 761 nec
313 716 417 761 uerum
441 702 575 762 codicem
601 721 619 761 a
643 702 808 762 Veronensi
835 712 980 778 repertum
1008 704 1193 780 transcripsit,
1218 702 1270 763 sed

129 791 249 876 aliquod
262 800 325 859 eius
339 800 503 877 exemplam
524 811 573 860 aut
588 799 633 880 (a)
648 802 672 860 si
689 800 847 861 abeodem
866 801 915 860 illo
928 803 1015 860 unico
1029 802 1131 861 codice
1150 802 1271 877 proiecti

129 908 199 957 erint
212 907 242 957 et
254 896 284 957 G
298 908 328 957 et
341 896 379 971 D,
393 898 440 958 uel
453 900 478 959 is
491 900 570 959 unde
587 898 616 957 D
630 899 733 959 ductus
747 908 799 970 est,
814 900 942 959 exactius
962 900 1146 976 pressiusque
1163 900 1272 959 codicis

129 996 263 1073 uestigiis
282 996 406 1057 inhaesit
422 997 472 1074 qui
485 998 515 1056 D
528 1000 657 1057 exarauit
670 1016 759 1075 quam
773 999 823 1075 qui
837 997 883 1068 G;
904 997 951 1057 hic
970 998 1050 1057 enim
1069 1008 1162 1056 errata
1182 999 1271 1057 coni·

130 1096 241 1172 gendo,
256 1096 462 1173 coniungendo
476 1112 551 1174 quae
571 1106 711 1173 separata,
727 1096 922 1173 disiungendo
936 1114 1012 1173 quae
1031 1114 1120 1174 praue
1138 1097 1273 1173 copulata

131 1205 224 1266 crant,
247 1194 381 1271 exemplo
407 1212 461 1253 suo
485 1196 614 1273 speciem
636 1195 716 1255 dedit
739 1196 876 1255 nouitatis
898 1214 917 1253 a
936 1195 1054 1253 Datano
1075 1194 1201 1267 alienae;
1223 1206 1273 1254 aut

133 1289 179 1370 (3)
194 1294 318 1353 omnino
339 1294 450 1371 origine
471 1294 576 1353 diuersi
598 1304 664 1353 sunt
685 1294 722 1365 D,
737 1294 774 1354 G.
816 1293 856 1353 Et
875 1295 913 1352 ab
931 1294 1047 1353 omissis
1064 1294 1183 1370 quidem
1199 1296 1229 1352 in
1243 1294 1272 1352 D

128 1392 266 1451 uersibus
290 1408 351 1451 non
376 1392 498 1453 multum
522 1393 682 1470 colligitur:
707 1408 811 1452 omnes
835 1394 914 1451 enirn
937 1411 998 1452 uno
1022 1403 1146 1469 excepto
1168 1392 1272 1471 (LXV.

136 1490 204 1563 3⁶2,
226 1487 257 1569 3)
280 1500 401 1567 propter
423 1492 576 1568 repetitum
601 1489 718 1567 aliquod
745 1491 921 1550 uocabulum
947 1491 1081 1550 uidentur
1108 1489 1272 1551 excidisse¹.

135 1588 196 1647 Sed
216 1598 315 1647 tamen
336 1588 405 1649 illud
426 1589 589 1650 notandum
609 1599 653 1649 est
674 1591 749 1649 duos
770 1608 807 1648 ex
827 1589 899 1648 locis
918 1590 1033 1648 omissis
1049 1590 1079 1647 in
1093 1590 1122 1648 D
1136 1591 1223 1649 etiam
1242 1592 1273 1649 in

136 1685 330 1745 Riccardiano
354 1688 480 1746 omissos
504 1706 578 1759 esse,
600 1706 661 1747 non
684 1689 754 1746 item
778 1690 810 1745 iu
831 1688 940 1747 ceteris.
983 1688 1047 1748 Nec
1068 1706 1139 1748 uero
1161 1689 1274 1748 diuersa

134 1785 209 1844 ratio
229 1784 375 1845 scribendi
396 1794 508 1845 tantum
528 1786 605 1847 ualet
625 1797 657 1845 ut
678 1786 823 1863 duplicem
842 1788 984 1863 originem
1002 1787 1181 1848 demonstret
1194 1788 1273 1847 codi-

134 1900 205 1942 cum
219 1882 257 1955 D,
272 1882 318 1942 G:
339 1884 433 1961 potuit
446 1886 533 1956 enim,
548 1892 580 1943 ut
594 1885 661 1956 dixi,
676 1884 754 1945 idem
772 1885 844 1943 liber
857 1883 987 1943 dissimili
1005 1887 1096 1946 modo
1115 1888 1273 1945 transcribi.

136 1982 197 2043 Sed
215 1983 323 2043 haereo
342 1986 372 2042 in
388 1985 474 2043 uariis
493 1985 670 2045 lectionibus.
714 1984 823 2044 Confer
837 2003 946 2062 quaeso
960 1986 1042 2057 haec,
1060 1985 1192 2045 Hercula
1206 1985 1274 2045 Sae-

134 2081 209 2153 rata,
224 2082 346 2157 inprobo
357 2083 450 2157 rinpt'a,
464 2084 596 2141 osundcrc
608 2084 785 2155 conscendere,
794 2090 970 2159 prosternens
982 2090 1157 2156 consternens,
1172 2085 1276 2143 celestia

135 2181 287 2251 stlmslrrir,
307 2180 461 2239 rubicunda
480 2187 546 2251 lues,
570 2182 693 2241 librabat
708 2184 806 2240 ncrlt'cc
825 2183 955 2242 uersabat
970 2182 1087 2254 turbent,
1105 2193 1277 2259 procurrens

136 2278 317 2350 wccrunbenc,
340 2278 497 2337 bacchantis
514 2284 628 2350 mentri,
650 2282 745 2355 pudor
759 2281 854 2351 rubor,
873 2280 973 2355 Aspice
985 2281 1092 2357 Accipe,
1113 2282 1280 2339 conciliasset

133 2376 314 2453 pacificasset,
328 2377 481 2455 deossocos,
494 2383 621 2453 excerpta
635 2386 739 2437 exerta.
781 2377 868 2451 Quae
887 2378 912 2437 si
932 2380 970 2438 ab
989 2379 1094 2439 eodem
1112 2378 1193 2438 fonte
1209 2397 1277 2455 pro-

130 2475 232 2535 ·lectae
246 2484 346 2535 sunta
360 2494 420 2551 quo
435 2475 472 2547 G,
486 2478 576 2535 miror
589 2476 698 2535 nullam
711 2494 748 2536 ex
767 2478 801 2535 iis
820 2477 913 2536 autin
927 2478 1059 2553 margine
1071 2476 1101 2537 G
1114 2477 1278 2554 appositam

135 2566 190 2633 aut
212 2574 311 2634 medio
334 2575 431 2634 uersui
455 2576 685 2652 superscriptam,
713 2576 814 2651 quales
837 2576 945 2635 multae
972 2576 1002 2633 in
1026 2574 1057 2635 G
1079 2578 1278 2648 obuersantur,

138 2671 245 2745 suisse3
266 2674 356 2732 miror
374 2692 410 2731 ex
429 2684 510 2733 tanta
527 2674 662 2733 codicum
681 2674 864 2735 multitudine
880 2674 1076 2751 (septuaginta
1096 2673 1155 2735 fere
1176 2694 1278 2735 nume-

130 2774 250 2845 runnu)
266 2772 297 2829 in
310 2772 426 2831 duobus
443 2782 556 2831 tantum
570 2770 764 2832 Riccardiano
783 2781 813 2831 et
831 2792 857 2843 a,
872 2774 921 2849 qui
940 2773 1059 2849 quidem
1079 2773 1175 2833 adhuc
1195 2775 1279 2833 inno·

140 2870 253 2941 tuerint,
268 2868 373 2929 horum
387 2871 543 2947 quicquam
557 2889 717 2931 occurrere.
746 2871 938 2948 Interpolatas
951 2889 1012 2931 non
1026 2872 1132 2945 credo,
1147 2866 1280 2950 quamuis

140 2968 221 3027 enim
240 2987 303 3028 nou
323 2970 420 3028 absint
436 2986 513 3045 quae
532 2968 675 3029 eiusmodi
693 2970 853 3041 uideantur,
866 2971 993 3029 uniuersi
1011 2980 1109 3030 tamen
1123 2972 1232 3031 codicis
1246 2991 1281 3031 ea

140 3076 186 3126 est
199 3077 311 3139 natura,
325 3085 401 3144 quae
416 3068 575 3127 maximam
590 3068 884 3147 simplicitatemprae
898 3068 1023 3129 scierat
1065 3068 1103 3129 Et
1119 3070 1183 3145 quis
1199 3062 1281 3147 putet

139 3164 378 3242 interpolatorem
393 3164 510 3225 Saetaba
528 3166 558 3224 in
575 3165 707 3225 sternia
726 3176 903 3227 mutaturum
919 3166 1015 3240 fuisse,
1029 3185 1120 3244 quum
1134 3166 1282 3227 Saetabum

141 3262 254 3340 legatur
272 3264 360 3323 etiam
377 3262 472 3322 XXV.
488 3277 515 3338 7,
537 3274 587 3323 aut
599 3265 735 3323 ostendere
742 3276 914 3341 procurrens
925 3268 1029 3325 celestia
1042 3266 1214 3342 scripturum
1227 3282 1281 3342 pro

140 3361 177 3421 iis
190 3378 267 3439 quae
280 3361 418 3422 exhibent
431 3363 531 3441 reliqui
544 3364 661 3423 codices
674 3364 845 3424 conscendere
862 3364 1034 3424 uaecnnbcnr
1046 3364 1210 3423 sr'lusrtrr'cr?
1242 3364 1282 3421 At

134 3595 138 3603 Ι
176 3612 183 3641 ¹
200 3613 277 3662 Etiam
289 3614 366 3661 LXIX
382 3614 441 3663 Noli
455 3616 696 3679 adrniruri-fitgr'nnt
711 3631 758 3663 non
769 3615 865 3663 absurde
876 3614 999 3663 Boehmius
1010 3614 1134 3676 suspicetur
1146 3623 1180 3662 est
1190 3625 1282 3678 propter

141 3696 264 3743 ooul'urum
280 3696 386 3743 caminis
398 3696 492 3745 Lintr
508 3696 579 3745 Nulli
594 3713 617 3744 sc
633 3698 688 3745 dicit
704 3697 819 3744 excidisse.
853 3695 895 3743 Sed
907 3712 978 3757 quum
989 3712 1009 3744 c.
1022 3696 1099 3743 Lxlx
1110 3698 1181 3743 etiarn
1193 3698 1216 3743 in
1229 3698 1282 3744 Ric-

142 3782 250 3827 mrdiano
265 3780 374 3828 omissum
392 3783 428 3836 sit,
445 3790 484 3829 aut
502 3797 514 3828 a
532 3782 626 3829 Damno
642 3782 755 3829 deriuatus
772 3790 807 3828 est
824 3781 995 3836 Riccardianus,
1009 3790 1057 3835 aut,
1072 3790 1099 3828 ut
1114 3782 1190 3842 potius
1207 3783 1283 3836 credo,

134 3865 214 3911 *ambo
225 3880 238 3910 a
249 3864 367 3911 communi
379 3865 443 3911 fonte
454 3865 615 3925 profluxerunt.
648 3864 684 3913 Cf.
697 3864 780 3911 LX'lV.
794 3862 840 3925 258
858 3864 896 3925 qui
913 3878 990 3911 omnus
1004 3872 1029 3911 et
1043 3864 1091 3924 ipse
1105 3866 1170 3911 abest
1181 3866 1210 3911 ab
1220 3874 1283 3911 utro·

143 3961 196 4007 que.
228 3946 273 3994 Sed
284 3954 308 3993 ct
319 3961 339 3993 c.
352 3946 429 3993 LXIX
441 3956 463 3995 et
476 3946 560 3996 LXIV.
573 3947 619 4009 ²5⁸
636 3948 741 4010 legrmtur
752 3948 775 3993 in
786 3961 810 3995 a.
844 3946 910 3993 Vnde
920 3946 967 3993 tale
978 3956 1074 3995 tternura
1086 3947 1190 3995 efficitur.

801 4212 815 4242 Ζ

586 4392 689 4439 Datanus
901 4394 1061 4440 Riccerdianus

145 4519 170 4557 ut
182 4512 211 4557 ab
223 4509 312 4572 origine
323 4510 427 4556 Daunus
439 4525 485 4555 uno
498 4510 577 4556 saltcnr
590 4509 656 4557 distet
668 4510 754 4557 codice.

705 4596 786 4663 *da
