3142 5059
210 381 216 398 ’
320 405 378 461 ssa
780 401 994 463 uxcvusvs

317 585 457 644 neruiue
485 583 614 656 neruis,
647 594 785 645 ostreae
812 595 939 657 ostrea,
972 583 1134 643 horreum
1164 582 1298 656 horrea,
1333 599 1460 644 caseus

317 701 464 748 caseum.
485 683 660 743 balineum
680 682 828 755 balinea,
848 683 977 742 latrina
996 683 1168 742 latrinum
1196 681 1332 761 (Iacbrn
1343 681 1458 742 Locren

317 801 346 860 r·
363 781 445 860 ssa)

649 945 887 1006 nonuuuvrr
910 948 949 1008 aa
971 947 1085 1006 xxrx.
1102 951 1129 1006 a.

360 1093 448 1154 Locis
471 1093 564 1154 allatis
588 1094 664 1154 adde
687 1093 804 1171 Apuleii
825 1092 897 1153 Met
916 1091 956 1152 II.
973 1096 1010 1154 26
1034 1096 1066 1153 r'n
1089 1095 1195 1153 mom
1216 1092 1333 1169 superbi
1351 1091 1461 1152 ἰωὴ

318 1193 441 1254 Adoni.
484 1191 570 1252 Probi
585 1193 721 1270 Append.
735 1211 764 1270 p.
778 1211 843 1268 ¹99·
859 1211 894 1267 ¹3
909 1191 976 1250 Keil
996 1193 1098 1252 Adon
1116 1211 1171 1252 non
1187 1192 1356 1253 Adonius

632 1485 846 1546 EXCVRSVS
866 1488 905 1546 ad
925 1485 1145 1546 XXXVll.10.

480 1631 644 1693 Frontem
668 1634 835 1694 tabernae
859 1633 1108 1710 scorpionibus
1131 1633 1290 1691 scribam.

358 1771 404 1830 Ex
429 1772 602 1850 conjectur'u
622 1791 696 1852 quas
720 1773 757 1834 de
779 1773 837 1832 boc
857 1773 924 1834 loco
945 1773 1114 1851 interpretes
1132 1771 1320 1850 protulemnt,
1334 1778 1459 1849 quatuor

317 1881 430 1931 tantum
444 1871 505 1931 ucri
519 1872 626 1932 similes
640 1890 704 1932 esse
718 1873 852 1932 uidentau
866 1873 1085 1949 scipionibus
1105 1871 1359 1949 scriptionibus
1378 1887 1457 1929 sco·

317 1970 482 2048 pionibus
504 1970 760 2050 scorpionibus.
801 1971 840 2030 Et
863 1971 1084 2048 scipionibus
1104 1970 1222 2046 quidem
1243 1970 1327 2046 quod
1347 1967 1458 2028 baculis

318 2069 462 2128 senaiustis
484 2067 706 2146 interpretantur
727 2069 781 2148 (sic
802 2067 890 2129 Conr.
914 2070 952 2128 de
974 2067 1064 2147 Allio)
1088 2085 1255 2145 quanquam
1278 2068 1319 2127 ad
1341 2077 1459 2126 senten·

317 2167 388 2226 tIam
410 2167 479 2227 satis
501 2169 698 2240 commodum,
721 2169 770 2227 uix
792 2167 896 2227 Latine
917 2168 974 2228 dici
994 2166 1100 2227 iudico.
1140 2165 1213 2227 Esto
1233 2166 1329 2224 enlm:
1352 2164 1459 2224 meula

267 2333 273 2346 ,
318 2275 386 2326 sunt
412 2266 557 2342 scipiones
585 2263 728 2344 (σκῆπτρα)
757 2276 785 2326 at
813 2267 952 2326 semiusta
980 2283 1088 2343 perse
1112 2283 1173 2324 non
1205 2273 1292 2337 sunt;
1324 2263 1379 2323 sed
1402 2263 1458 2322 nisi

318 2365 462 2423 semiustis
480 2364 590 2424 baculis
604 2363 651 2424 hic
670 2383 731 2424 non
750 2382 826 2442 opus
844 2376 904 2437 est;
926 2366 981 2424 nisi
995 2363 1068 2424 forte
1081 2374 1215 2440 putamus
1233 2361 1344 2422 baculis
1358 2360 1457 2421 Cauri-

317 2461 379 2522 lum
397 2462 464 2521 ideo
483 2463 620 2524 tabernae
636 2461 761 2522 frontem
779 2464 923 2539 picturum
938 2462 1036 2534 fuisse,
1050 2472 1082 2522 ut
1095 2461 1185 2521 tirstes
1198 2459 1329 2520 moecbIs
1342 2460 1457 2519 minita-

317 2571 401 2620 retur.
444 2559 541 2637 Magis
560 2561 654 2638 placet
673 2561 702 2620 id
721 2561 802 2638 quod
819 2571 888 2638 post
901 2560 1065 2621 Marcilium
1081 2561 1205 2620 coniecit
1219 2559 1260 2618 H.
1270 2559 1307 2617 A.
1321 2557 1457 2618 Kochins

318 2657 431 2736 (Symb.
450 2657 551 2719 Philol.
571 2659 770 2719 Bonnensiurn
790 2677 819 2736 p.
835 2657 907 2738 316)
926 2659 1187 2736 scriptionibus,
1200 2675 1268 2719 cum
1288 2657 1457 2716 huiusmodi

318 2757 398 2815 lusus
418 2765 451 2816 ut
471 2755 573 2817 Plauto
594 2759 724 2834 inprimis
744 2759 784 2817 ita
800 2755 914 2818 Catullo
934 2758 1054 2816 minime
1074 2759 1132 2816 sint
1151 2756 1245 2816 alieni
1285 2754 1455 2830 ctvr.17

318 2853 403 2912 Tam
428 2863 460 2913 tc
484 2854 581 2914 basia
605 2856 712 2916 multa
735 2856 873 2929 haslare
896 2855 1034 2930 v111.27
1060 2855 1220 2915 Fructum
1243 2855 1302 2931 qui
1324 2857 1456 2916 ueteris

317 2952 440 3029 pedem
461 2953 596 3028 grabati
617 2953 657 3012 In
678 2953 771 3014 collo
792 2954 859 3014 sibi
879 2954 1055 3014 collocare
1075 2965 1200 3030 posset,
1219 2952 1301 3013 XIV.
1316 2971 1335 3028 3
1350 2953 1455 3014 Odis-

318 3069 389 3110 sem
403 3060 435 3108 te
450 3050 531 3109 odio
545 3049 734 3112 Vatiniano
755 3051 854 3112 XXII.
869 3071 905 3125 14
925 3052 1023 3112 Idem
1037 3051 1192 3112 infaceto
1206 3061 1258 3110 est
1271 3050 1455 3111 infacetior

317 3167 395 3209 rure
414 3147 526 3208 XXIII.
546 3153 580 3208 18
602 3148 702 3210 Hanc
724 3151 766 3210 ad
788 3151 999 3210 mundiciem
1019 3151 1107 3210 adde
1128 3150 1353 3210 mundiorem.
1395 3150 1455 3210 Sed

317 3258 348 3307 ut
375 3257 488 3307 taceam
510 3265 598 3324 quam
622 3249 710 3325 longe
736 3249 822 3308 distet
844 3249 1096 3325 scriptionibus
1118 3250 1157 3308 ab
1179 3265 1218 3307 eo
1240 3249 1321 3324 quod
1345 3247 1455 3308 babent

316 3347 433 3408 codices
454 3347 661 3424 sopionibus
681 3349 730 3406 uix
751 3348 790 3406 ad
810 3349 883 3406 iram
902 3346 1107 3423 fastidiumque
1126 3347 1196 3407 satis
1216 3365 1271 3406 nec
1290 3347 1454 3408 satisdare

316 3445 375 3505 hoc
389 3445 496 3506 dictum
511 3446 631 3506 uidetur.
674 3445 751 3505 Nam
766 3447 790 3505 si
805 3446 1017 3507 conscribillare
1031 3465 1063 3506 se
1076 3447 1226 3505 tabernam
1239 3445 1313 3505 uelle
1323 3444 1455 3506 Catullus

317 3545 395 3616 dixit,
419 3545 467 3603 uix
490 3546 578 3605 credo
601 3545 707 3604 dixisse
730 3544 785 3602 nisi
807 3544 925 3603 adiectis
946 3545 982 3604 ils
1003 3563 1079 3620 quae
1100 3544 1257 3621 scripturus
1277 3553 1356 3616 crat3
1377 3555 1454 3603 certe

316 3642 425 3701 omissa
445 3642 493 3701 tali
515 3643 681 3703 definitione
703 3643 820 3720 languet
838 3645 938 3704 nescio
957 3661 1017 3721 quo
1035 3644 1126 3704 modo
1143 3645 1199 3704 ista
1217 3661 1300 3702 mera
1318 3645 1453 3704 uocabuli

315 3741 483 3815 geminatio.
532 3742 581 3800 Ad
604 3759 666 3801 rem
690 3742 889 3802 illustrandam
912 3743 988 3802 utilis
1011 3754 1056 3802 est
1078 3743 1161 3802 locus
1184 3741 1302 3803 Petroni
1325 3742 1387 3803 Sat.
1406 3762 1452 3816 ar,

315 3855 343 3913 p.
358 3857 373 3895 a
378 3857 394 3912 3
410 3837 576 3898 Buecheler.

356 3934 544 3994 Intrauerun!
558 3939 739 4013 palaestritae
761 3941 910 4015 complures
933 3947 960 3998 et
980 3959 1028 3998 nor
1049 3940 1165 4016 legatum
1181 3939 1314 4018 perfusos
1333 3940 1390 3998 oleo
1409 3959 1451 3998 re·
1525 3920 1526 3957 ³

311 4033 444 4104 fecerum.
479 4040 612 4111 utcunque
638 4055 703 4112 ergo
730 4038 892 4096 larrt'tudt'ne
912 4038 1014 4096 abr'ecto
1040 4040 1180 4097 cenatmb
1205 4040 1349 4113 repedantes
1376 4046 1403 4097 ef
1422 4041 1450 4096 in

308 4133 474 4210 proximam
494 4133 588 4189 cellam
609 4135 686 4192 ducti
700 4153 802 4205 sameas,
817 4136 847 4191 in
863 4153 919 4211 quo
936 4143 992 4193 tres
1009 4135 1072 4192 lecti
1087 4137 1177 4193 ronti
1189 4143 1272 4194 erant
1288 4143 1315 4193 cl
1330 4136 1450 4212 reliqum

314 4232 490 4290 lautz'rz'arum
508 4239 660 4306 apparatur
677 4232 890 4306 splendr'drisr'nre
904 4235 1053 4308 expositus.
1084 4234 1158 4291 classi
1173 4253 1238 4310 crgo
1257 4233 1447 4298 aarum.
1522 4202 1523 4267 I

314 4337 340 4385 el
361 4331 517 4404 garsionem
537 4329 657 4404 mr'rrfica
680 4331 788 4388 rnrlrblr'
807 4333 871 4387 ur'rro
892 4332 972 4388 etam
995 4329 1118 4388 Falerno
1139 4331 1319 4390 thadamur.
1349 4335 1451 4407 excepti

313 4429 393 4486 elram
407 4427 538 4503 pluribus
547 4427 673 4506 ferculis
693 4447 753 4486 cum
773 4428 927 4488 laberemur
946 4430 977 4488 r'n
999 4448 1130 4502 somnum,
1154 4431 1244 4489 ‘riam
1264 4428 1342 4489 πῖθ’
1364 4430 1448 4506 :aqut

1518 4504 1520 4579 l

1517 4590 1519 4683 l
