3142 5059
1224 403 1283 458 ³³3

136 587 299 648 Phaenom.
315 591 371 661 146
389 593 476 646 Κόνων
489 591 504 644 d
517 590 690 661 μαθηματικὸς
703 589 860 664 Πτολεμαόην
876 589 1044 660 χαριζόμενος
1059 587 1193 660 Βςρονύιης
1212 586 1280 641 πλό·

135 711 220 761 καμον
233 689 263 760 ἐξ
276 689 356 744 αὐτοῦ
369 690 546 760 κατηστέρισς.
575 693 652 744 τοῦτο
666 690 707 744 καὶ
719 688 889 759 Καλλίμαχός
901 708 953 742 που
965 688 1049 758 φησὶν

261 821 327 890 Τῇόν
343 819 441 894 (codd.
456 820 533 892 Ἡδὲ)
549 819 637 875 Κόνων
650 818 676 887 μ’
690 820 807 892 ἔβλαψαν
820 818 848 874 όν
861 817 915 890 ν’)όρι
928 819 974 873 τὸν
987 817 1122 889 Βερονίκην

302 922 454 991 Βόστρυχον
467 917 520 974 ὅντ’
533 919 583 992 ἄρα
597 918 663 988 κείνη
677 921 758 973 πᾶσιν
770 918 845 986 ἔθηκε
858 917 967 973 θεοῖσιν.

137 1088 170 1120 ον
184 1087 252 1136 κεινη
266 1069 348 1122 πᾶσιν
361 1067 434 1136 ἔθηκε
448 1067 516 1124 θεοῖς
529 1012 619 1140 uulgo
633 1074 662 1124 et
676 1065 718 1123 sic
731 1060 883 1140 Bergkius.
926 1061 1055 1122 Catullus
1068 1061 1111 1121 sic
1124 1059 1265 1137 expressit

263 1202 360 1262 Idem
382 1221 434 1262 me
456 1203 515 1263 ille
536 1202 660 1263 Conon
681 1203 827 1263 caelesti
847 1204 988 1263 numine
1007 1201 1098 1262 uidit

305 1302 331 1360 E
352 1302 570 1362 Beronicseo
591 1303 723 1362 uertice
744 1302 912 1362 cesariem

265 1399 470 1477 Fulgentem
492 1400 592 1472 clare,
614 1420 716 1478 quam
736 1401 854 1460 multis
874 1401 935 1460 illa
955 1400 1095 1460 dearum

306 1498 413 1558 Leuia
434 1499 647 1576 protendens
668 1499 811 1558 brachia
831 1498 991 1576 pollicita
1010 1509 1071 1560 est

140 1645 231 1705 Vnde
246 1645 426 1705 Scholiasten
446 1646 534 1706 credo
554 1645 717 1721 fragmenta
735 1646 766 1704 in
779 1664 871 1705 unum
885 1646 1068 1722 congessisse
1082 1653 1206 1720 quatuor
1219 1661 1284 1702 uer·

140 1763 237 1804 suurn.
281 1744 440 1821 Scripserat
454 1743 649 1802 Callimachus
662 1743 720 1802 hoc
734 1745 825 1804 modo

308 1877 351 1949 (Ι)
386 1878 453 1946 Τῇόο
467 1879 555 1932 Κόνων
567 1877 593 1948 μ’
607 1876 723 1950 ύβλοψιν
736 1876 765 1932 όν
777 1874 833 1950 ἧς’ρι
845 1876 892 1932 τὸν
905 1871 1039 1948 Βερονύςης

308 1983 352 2055 (2)
389 1980 541 2052 Βόοτρυχον
862 1981 865 1984 ’

310 2089 354 2162 (3)
794 2085 1003 2158 assuas,

309 2195 354 2268 (4)
743 2194 911 2264 securas«
924 2195 1002 2250 ess.

187 2341 267 2402 Nam
294 2351 363 2419 post
386 2345 539 2415 Βόστρυχον
565 2341 734 2401 exciderunt
760 2339 902 2399 nonnulla
928 2357 1004 2416 quae
1031 2337 1199 2398 Catullianis
1225 2336 1287 2397 istis

146 2442 269 2504 Caelesti
278 2443 388 2499 numine
399 2439 434 2497 F
430 2441 561 2515 algentem
574 2439 651 2498 clare
664 2443 705 2514 (8,
717 2441 748 2515 9)
763 2431 981 2516 responderent.

189 2561 233 2635 (2)
255 2558 352 2635 Etym.
367 2556 409 2616 Μ.
424 2575 447 2615 s.
461 2575 490 2615 u.
512 2559 649 2628 θηλαμύν.
691 2555 798 2630 Εἴρηται
814 2557 866 2630 γὰρ
884 2557 926 2610 καὶ
945 2557 1062 2624 θηλυκύς
1080 2553 1144 2626 κόρη
1164 2552 1200 2610 ὃς
1217 2552 1288 2625 παρᾶ

146 2659 310 2732 suntme

390 2753 441 2825 σήν
457 2751 555 2827 (codd.
570 2753 612 2826 ἤν)
628 2775 657 2810 το
670 2753 749 2826 κόρην
762 2750 855 2823 όμοσα
868 2755 917 2807 σόν
929 2773 959 2806 τε
971 2749 1039 2818 βίον.

189 2875 319 2936 Catullus
336 2878 400 2950 (40)
431 2876 553 2934 adiuro
574 2884 678 2952 teque
698 2884 863 2951 tuumque
884 2883 994 2951 caput.

190 3020 236 3094 (3)
260 3017 356 3076 Schol.
375 3017 514 3094 Apollon.
533 3016 642 3078 Rhodii
660 3017 684 3076 I.
704 3035 779 3092 1313
804 3019 924 3085 Χάλυβος
949 3019 1023 3074 ἔθνος
1046 3012 1159 3081 Σκυθίας,
1184 3013 1289 3072 droul

149 3120 256 3191 σίδηρος
278 3118 385 3191 γίνεται.
437 3117 614 3190 Καλλίμαχος·
639 3117 768 3185 Χαλύβων
791 3117 826 3174 ὣς
846 3117 972 3173 όπόλοιτο
993 3115 1075 3189 γόνος.
1117 3111 1160 3171 Id.
1175 3111 1215 3170 II.
1231 3123 1290 3185 375

145 3215 295 3286 ἐκλήθησαν
315 3217 344 3271 δὲ
365 3217 485 3282 Χάλυβες
505 3215 556 3270 ἀπὸ
577 3218 699 3283 Χάλυβος
720 3219 766 3272 τοῦ
781 3213 881 3288 'Apros
902 3217 969 3270 eloti·
999 3215 1124 3285 μέμνηται
1144 3212 1229 3266 αύτῶν
1249 3212 1292 3265 καὶ

149 3314 326 3386 Καλλίμαχος.

593 3410 722 3479 Χαλύβων
736 3411 771 3469 ὣς
783 3409 909 3466 ἀπόλοιτο
921 3408 997 3483 γόνος

353 3509 455 3566 Γειόθνν
468 3509 626 3564 ἆντελλοντα
639 3511 714 3566 κακὸν
727 3510 812 3581 φυτόν
824 3507 852 3564 οἵ
862 3531 907 3579 μιν
921 3511 1026 3582 ἔφηναν.

150 3641 282 3701 Catullus
297 3638 362 3719 (48)
395 3640 560 3718 Iuppiter,
581 3651 617 3700 ut
637 3639 829 3716 Chalybum
850 3657 949 3698 omne
970 3656 1081 3715 genus
1101 3646 1221 3715 pereat

354 3739 396 3798 Et
416 3741 473 3816 qui
495 3741 668 3816 principio
689 3740 753 3799 sub
773 3748 866 3797 terra
886 3756 1053 3814 quaerere
1073 3754 1181 3796 uenas

395 3837 530 3897 Institit
551 3857 589 3897 ac
611 3837 693 3897 ferri
714 3837 887 3913 stringere
908 3837 1079 3895 duritiem.

152 3971 240 4031 vnde
253 3989 272 4031 a
285 3971 429 4050 plerisque
444 3971 637 4032 Callimachus
652 3971 694 4032 sic
707 3971 857 4049 scripsisse
871 3970 996 4030 creditur

355 4101 403 4153 Ζεῦ
416 4099 509 4172 πύτερ,
523 4099 558 4156 ὥς
570 4096 698 4165 Χαλύβων
710 4101 762 4153 πᾶν
774 4097 900 4160 ἀπόλοιτο
912 4097 996 4170 γένος.

194 4237 240 4296 Ex
263 4237 309 4296 his
333 4238 424 4297 tn'bus
447 4236 615 4313 fragmentis
638 4238 752 4298 uidetur
774 4235 904 4296 Catullus
928 4235 1044 4294 liberius
1065 4233 1184 4310 quidem
1206 4231 1294 4292 Calli-

154 4335 292 4394 machum
313 4337 489 4413 expressisse
510 4337 550 4395 ita
571 4346 669 4397 tamen
688 4346 721 4394 ut
741 4336 911 4413 plerumque
932 4333 1059 4393 eundem
1078 4349 1216 4391 uersuum
1234 4348 1294 4389 ser·

154 4443 236 4494 uaret
260 4451 421 4495 numerum.
464 4433 580 4495 Incerta
604 4443 671 4494 sunt
695 4452 770 4511 quae
795 4451 873 4492 nunc
898 4431 1018 4492 subicio.
1058 4429 1155 4509 Etym.
1169 4427 1212 4488 M.
1227 4446 1250 4489 s
1264 4445 1294 4488 u
