3142 5059
520 416 880 479 PROLEGOMENA.
1192 436 1270 477 xxxv

121 595 217 656 forma
231 600 415 674 quaternaria
428 600 550 659 minore.
593 600 693 660 Habet
709 601 778 661 lolia
796 603 844 675 36,
859 618 896 659 ex
912 600 1017 678 quibus
1033 614 1071 675 35
1086 601 1272 676 septuaginta

122 696 247 771 paginas
272 696 400 755 efficiunt
424 716 462 772 33
485 714 631 769 uersuum,
657 708 770 775 praeter
793 698 1040 775 septuagesimam
1064 699 1095 756 in
1120 715 1179 774 qua
1202 704 1272 756 sunt

124 809 172 864 34.
215 790 251 850 ln
273 793 343 853 lolio
366 797 404 869 3⁶
425 796 588 871 subscripta
609 796 683 855 haec
705 806 780 855 sunt.
823 795 957 871 Explicit
977 795 1088 856 Catulli
1112 794 1271 852 Veronensis

122 888 238 948 libellus.

173 985 275 1045 Versus
284 988 405 1047 Domini
414 989 586 1048 Benneemeli
595 990 626 1047 de
642 989 834 1065 Campexanis
847 991 879 1047 de
895 990 1017 1047 Viceneia
1032 990 1064 1047 de
1077 991 1272 1046 resurreetione

124 1082 340 1159 Catullipoelae
361 1086 527 1146 Veronensis.
569 1088 617 1147 Ad
636 1089 869 1165 patriam-erat.
916 1087 959 1144 Tu
977 1089 1057 1145 letor
1071 1090 1221 1162 quoeunque
1233 1086 1275 1143 ad

122 1181 205 1238 cneus
218 1200 318 1240 mama
331 1184 377 1241 te'c
394 1184 501 1243 libellus
518 1185 662 1257 obuenerit
676 1188 812 1259 scriptori
825 1186 863 1242 da
881 1188 999 1255 ueniam,
1013 1187 1043 1242 si
1056 1184 1110 1242 libi
1123 1189 1272 1258 corruptus

1 1283 6 1301 ·
124 1278 271 1337 uidebilur.
317 1280 451 1351 Quoniam
465 1302 484 1339 a
497 1284 705 1358 corruptissimo
715 1284 873 1357 exemplari
882 1276 1270 1359 ranseripsitnonnonbic)

123 1378 268 1451 quodpiam
282 1380 365 1436 aloied
375 1382 492 1438 extabat
502 1382 573 1438 unde
583 1392 688 1457 possem
708 1382 797 1440 libelli
810 1382 895 1438 leusio
912 1382 964 1439 lsf'e
979 1383 1082 1456 coptam
1098 1378 1276 1453 exemplandi

123 1480 152 1529 et
173 1481 208 1531 ul
228 1494 267 1532 ex
291 1470 334 1551 ipo
356 1479 491 1536 salebroso
517 1480 629 1554 aliqmd
652 1486 759 1537 tanmm
787 1485 917 1554 suggeret
939 1476 1132 1556 (suggereret)
1156 1478 1276 1534 daonii

119 1574 213 1645 patries
233 1579 323 1631 lamen
342 1583 483 1650 correptum
506 1576 606 1634 labere
626 1595 709 1651 quam
733 1579 841 1634 omnino
864 1594 968 1647 carere,
987 1586 1101 1650 speram
1123 1574 1215 1631 adhue
1235 1572 1272 1631 ab

123 1668 228 1744 allt'quo
240 1672 423 1750 alebstsrtuile
436 1680 580 1749 emergente
592 1674 667 1731 hune
675 1685 753 1749 posse
761 1677 908 1751 corrigere,
920 1672 1023 1731 mota
1032 1675 1062 1731 si
1071 1673 1100 1730 ei
1108 1673 1272 1747 imprecatus

124 1768 293 1844 nonfueres.

212 1944 290 2006 1375
304 1933 331 1990 o'r'e
347 1931 483 1999 Boclobr.
502 1945 560 2010 ¹9⁰·
575 1934 613 2010 pri
625 1931 814 2010 easignoriees¹
828 1934 974 1994 laborabat
988 1937 1018 1993 in
1031 1935 1166 1993 extremes

207 2051 311 2113 Lesle'o
324 2054 450 2114 damnose
463 2056 553 2115 liban
566 2060 770 2133 interpretatur.

125 2216 232 2278 Codex
256 2220 353 2279 uarias
376 2220 516 2281 lectiones
539 2222 645 2281 midas
668 2222 764 2293 habet,
781 2222 887 2299 partim
909 2239 998 2298 supra
1019 2222 1149 2296 scriptas,
1165 2218 1271 2295 partim

126 2318 158 2377 in
176 2319 318 2394 margine,
332 2319 496 2395 plerasque,
509 2330 542 2378 ut
561 2319 632 2377 mihi
653 2337 721 2378 cum
734 2320 902 2379 Woelfflino
922 2330 952 2377 et
968 2318 1129 2377 Duebnero
1149 2317 1272 2387 uidetur,

1 2485 7 2501 .
126 2435 189 2476 non
214 2417 311 2475 solum
335 2418 442 2476 eodem
466 2428 606 2494 tempore,
632 2417 684 2476 sed
708 2419 812 2477 eadem
837 2436 927 2477 manu
951 2426 1090 2477 exmatas.
1141 2415 1210 2473 Diri
1234 2414 1273 2473 de

126 2515 298 2591 antiquitate
319 2516 381 2573 eius
402 2514 432 2573 in
453 2514 689 2590 Proiegomenon
710 2517 825 2591 paginis
841 2534 956 2587 xv-xx3
978 2515 1083 2591 quibus
1096 2512 1169 2573 haec
1184 2511 1272 2570 addo.

126 2612 363 2690 Praepositiones
388 2613 503 2671 casibus
528 2629 614 2689 saepe
639 2612 804 2684 cohaerent,
825 2624 857 2672 ut
881 2614 1003 2671 orau'one
1028 2613 1194 2670 momontum
1217 2627 1273 2685 pro

125 2713 275 2769 orauonem
290 2714 320 2767 in
333 2710 460 2781 Antium,
474 2717 517 2767 ale
529 2712 652 2786 agranta
666 2712 781 2787 inquiete
796 2717 849 2769 alle
862 2710 916 2791 (ad
929 2709 965 2789 le)
980 2714 1096 2786 ingnala
1111 2708 1153 2785 (en
1167 2703 1273 2785 guala)

119 2812 289 2885 proprietate
303 2806 373 2887 (pro
386 2806 498 2884 ps'elale)
513 2810 720 2883 taquamquam
735 2808 779 2887 (in
793 2805 982 2885 quemquom);
1004 2818 1041 2880 et,
1056 2807 1137 2883 quod
1153 2806 1273 2876 mireris,

127 2908 158 2964 in
171 2906 251 2965 haud
264 2923 339 2977 rar0,
354 2923 567 2981 nonnunquam
574 2912 640 2981 posi
647 2925 660 2962 e
665 2916 721 2980 pro
734 2907 784 2965 ubi
798 2907 909 2982 primae
922 2906 1050 2983 syllabae
1063 2904 1274 2963 adiectiuorum

126 3004 176 3063 uel
204 3004 409 3063 aduerbiorum
436 3011 504 3062 sunt
531 3003 656 3079 ideoque
684 3005 873 3080 sequentibus
900 3004 1016 3079 syllabis
1040 3001 1273 3076 coniungendae,

126 3112 279 3179 separatae
293 3102 437 3177 iegtmtm,
451 3111 483 3159 ut
501 3120 564 3158 nere
575 3102 680 3177 gelidos
703 3104 733 3159 in
746 3102 863 3159 domines
881 3102 1002 3177 protelo
1025 3102 1056 3157 in
1069 3106 1142 3157 tacta
1167 3099 1275 3176 infuso

126 3202 159 3258 in
172 3200 308 3258 mamea
340 3199 477 3275 infirmis
508 3200 655 3257 inaurata
683 3207 747 3273 post
759 3200 810 3257 illa
843 3200 875 3256 in
889 3200 1018 3256 mundio
1048 3198 1199 3271 insapiens
1220 3212 1274 3271 pro

127 3316 179 3355 uer
188 3297 303 3374 egelidos
320 3298 467 3354 rndomo'lus
481 3296 584 3371 protelo
597 3298 699 3354 insacia
713 3296 809 3373 infuso
823 3297 989 3354 indesinens
1003 3296 1127 3371 infirmis
1140 3296 1274 3351 inaurata

122 3396 237 3471 postella
252 3394 412 3452 immundius
427 3395 564 3469 insapiens
581 3394 618 3452 ci.
632 3400 665 3451 al
676 3395 777 3468 peierati
793 3412 848 3469 pro
865 3395 994 3469 alpelenti
1017 3393 1157 3469 elsulura
1175 3408 1229 3466 pro
1248 3409 1276 3447 ee

113 3492 223 3571 sulula
251 3494 282 3549 in
299 3492 498 3567 ambulolioque
518 3510 572 3567 pro
592 3492 830 3567 inambulolebque.
873 3490 1016 3550 Codicem
1038 3492 1100 3565 ipse
1123 3488 1276 3563 diligenter

127 3588 253 3660 excussi,
268 3589 413 3665 quosdam
427 3586 508 3647 locos
523 3589 609 3647 etiam
623 3588 686 3661 bis;
706 3588 769 3657 alia,
784 3606 860 3663 quae
875 3588 964 3646 dubia
977 3587 1157 3662 reliqueram,
1172 3595 1276 3661 postea

125 3688 294 3763 relegerunt
308 3703 361 3761 pro
375 3702 423 3742 me
438 3682 472 3742 C.
483 3682 521 3742 D.
537 3683 673 3743 Cobham
687 3694 717 3743 et
730 3683 768 3743 G.
780 3683 818 3743 G.
834 3683 1007 3743 Markheim.

170 3828 198 3885 3.
227 3806 261 3867 0.
297 3806 514 3867 Canonicianus
542 3826 590 3881 30,
618 3825 698 3865 nunc
730 3807 760 3864 in
792 3806 973 3866 Bibliotheca
1001 3805 1163 3864 Bodleiano
1196 3804 1276 3881 apud

128 3907 325 3976 Oxonienses,
340 3906 458 3964 exeunti
476 3922 552 3963 saec.
568 3902 641 3961 XIV
661 3904 831 3980 adsignatus
850 3905 888 3963 ab
907 3904 1040 3963 Henrico
1054 3902 1092 3963 Ο.
1104 3903 1197 3975 Cone,
1211 3904 1276 3962 uiro

126 4005 304 4083 peritissimo
319 4003 463 4062 codicum.
505 4001 749 4062 Membranaceus
766 4011 819 4073 est,
834 4003 958 4078 scriptus
975 4015 1011 4076 74
1027 4001 1143 4077 paginis
1157 4020 1193 4075 3¹
1211 4018 1277 4059 uer-

127 4122 224 4174 suum,
247 4102 304 4161 nisi
328 4101 409 4176 quod
433 4101 542 4177 pagina
565 4101 704 4159 uicesima
725 4112 831 4159 octaua
857 4103 894 4158 26
920 4110 1033 4159 tantum
1057 4100 1153 4169 habet,
1176 4099 1277 4157 relicto

127 4202 225 4280 spatio
243 4200 373 4277 quinque
391 4216 539 4269 uersuum,
559 4210 627 4257 ante
650 4197 739 4258 Collis
762 4196 788 4257 O
808 4198 962 4257 lelle'coniei.
1003 4198 1130 4256 Vltimae
1151 4195 1278 4272 paginae

161 4392 171 4424 ¹
188 4393 234 4441 iiic
251 4392 307 4439 aiter
324 4406 354 4439 ex
370 4391 419 4439 filiis
436 4391 480 4437 fuit
496 4390 589 4437 Martini
606 4390 664 4437 della
681 4390 884 4452 &maternisque
899 4392 1050 4453 principamur
1061 4390 1167 4437 Veromo
1183 4396 1276 4434 mortuo

129 4478 199 4524 fraus
210 4474 276 4523 Cane
287 4473 375 4521 Grandi
387 4474 418 4530 11,
429 4472 493 4520 annis
507 4480 660 4537 1359-1375.

672 4562 746 4629 *fa
