3142 5059
539 387 758 451 CARMEN
790 387 891 452 LXII.

271 570 439 635 Nimirum
464 575 599 637 Oetaeos
620 573 765 637 ostendit
789 574 928 637 noctifer
950 577 1049 659 ipnes.

269 681 320 746 Sic
342 687 481 767 certesl3
510 675 609 748 uiden
631 692 666 747 ut
691 687 865 770 perniciter
888 685 1054 752 exiluere?

271 795 352 859 Non
375 806 496 860 temere
519 799 671 882 exiluere,
694 808 814 861 canent
834 799 921 882 quod
939 801 1043 862 uisere
1066 818 1122 883 par
1145 804 1202 863 est.

226 949 358 1036 Hymen
381 951 413 1013 Ο
435 950 637 1037 Hymenaee,
661 951 794 1037 Hymen
815 953 892 1016 ades
914 953 946 1016 O
969 954 1178 1040 Hymenaee!
1262 986 1291 1020 ιο

646 1281 791 1326 1VVENES.

147 1401 182 1483 β’
225 1381 308 1462 Non
329 1399 435 1463 facilis
458 1399 563 1483 nobis,
585 1399 740 1483 aequalia
763 1401 871 1484 palma
892 1410 1004 1484 parata
1025 1412 1087 1486 est,

271 1511 451 1596 Adspicite,
473 1513 630 1595 innuptae
653 1531 761 1574 secum
783 1520 819 1574 ut
842 1511 1000 1575 meditata
1022 1522 1223 1596 requaerunt.

271 1624 351 1688 Non
373 1625 491 1688 frustra
512 1623 722 1708 meditantur,
745 1624 866 1687 habent
888 1625 1096 1688 memorabile
1118 1625 1202 1710 quod
1225 1627 1281 1710 sit,

270 1739 338 1803 Neo
360 1740 484 1821 minum,
500 1740 627 1820 penitus
649 1744 817 1821 quietata
838 1745 938 1802 mente
960 1739 1114 1803 laborant.

175 2069 201 2119 7.
238 2061 302 2108 oeta
317 2070 365 2108 eos
377 2056 402 2107 ‘T
510 2055 559 2104 irm-
579 2054 945 2110 urssABCDGLLa'LamV
952 2058 1010 2111 Ven.
1116 2057 1170 2111 hoc
1187 2073 1253 2112 eoos
1265 2060 1295 2111 H

137 2127 184 2180 hic
197 2142 245 2180 eos
257 2127 293 2178 ah
363 2124 478 2179 offendit
490 2147 508 2179 a
579 2126 680 2180 imbres
693 2129 718 2179 T
798 2125 883 2175 imber
891 2138 948 2182 cett.
1031 2128 1149 2181 noctifer
1161 2129 1294 2198 ymberV

137 2204 250 2251 oetaeas
262 2196 388 2249 obtendit
399 2196 510 2250 umbras
522 2197 618 2249 Statius
710 2213 777 2250 eoos
791 2197 860 2264 Itali,
874 2199 1007 2267 Calpurnii
1017 2199 1055 2253 ed.
1069 2205 1133 2263 1481
1225 2217 1291 2254 eoos

138 2269 216 2336 ignes
230 2267 290 2321 Ald.
303 2270 325 2320 I.
427 2274 523 2320 oeteos
540 2268 614 2334 ignes
627 2271 657 2321 P.
673 2269 795 2321 Victorius
808 2271 922 2338 Castigg.
934 2272 962 2322 in
975 2271 1052 2323 Varr.
1064 2271 1094 2322 de
1105 2272 1138 2323 R.
1151 2273 1184 2323 R.
1195 2284 1224 2340 p.
1238 2275 1287 2335 ⁶41

137 2350 163 2392 et
177 2340 275 2392 Vossius
286 2351 337 2408 pro
354 2357 380 2390 se
397 2341 505 2406 quisque.
541 2339 735 2405 Confirnduntur
749 2339 817 2405 ignis
834 2340 922 2392 imber
939 2341 1009 2408 apud
1018 2344 1133 2410 Propert.
1147 2344 1197 2394 111.
1213 2359 1236 2406 3.
1247 2347 1290 2408 58,

127 2412 250 2478 sortasse
267 2411 344 2462 etiam
362 2410 431 2479 apud
447 2409 572 2463 ntulit.
588 2428 611 2463 1.
624 2429 639 2475 4
643 2427 667 2474 5.
705 2410 765 2462 Vide
783 2411 912 2463 Handium
929 2411 967 2463 ad
980 2412 1099 2464 Gronouii
1111 2412 1247 2465 Diattiben
1263 2415 1290 2465 in

138 2482 219 2534 Statii
238 2481 321 2533 Siluas
340 2481 362 2533 I.
378 2493 408 2620 ς.
426 2497 476 2545 435
629 2488 725 2533 oeteos
746 2487 823 2534 ortus
845 2481 968 2534 rur-nebus
990 2483 1098 2535 Aduers.
1117 2481 1288 2549 XXV11.‘25

139 2553 261 2604 Oetaeos
273 2548 383 2621 (sisoius
413 2566 442 2603 se
454 2549 575 2604 ostendit
586 2551 705 2604 noctifer
718 2551 837 2604 umbreis
850 2553 973 2621 Bergkius
986 2554 1077 2606 Philol.
1089 2555 1156 2607 XII.
1170 2559 1231 2618 581.

177 2627 202 2675 8.
239 2622 332 2676 Siccer
343 2627 386 2674 tes
400 2621 424 2674 .i.
438 2623 463 2673 T
537 2623 581 2675 Sic
593 2628 669 2675 certe
682 2623 739 2676 siO
823 2623 866 2675 Sic
879 2630 955 2676 certe
967 2634 1024 2677 cett.
1104 2625 1148 2677 Sic
1160 2630 1236 2678 certe
1249 2631 1292 2678 est

137 2695 238 2746 Statius
309 2693 353 2745 Sic
369 2694 609 2763 certestHauptius
679 2693 971 2761 pemicitorexiiluere
984 2695 1013 2747 D
1084 2695 1212 2749 exiliuere
1226 2697 1255 2764 V,
1266 2706 1292 2749 et

136 2785 165 2818 sn
178 2783 203 2817 u.
214 2781 239 2830 9.

176 2853 202 2902 9.
238 2831 380 2887 timereh²
485 2840 608 2887 tamena
721 2842 822 2888 canent
840 2835 915 2904 quod
933 2836 1022 2890 uisere
1040 2852 1089 2905 par
1107 2843 1149 2890 est
1162 2840 1187 2889 Τ
1193 2839 1291 2891 Vossius

138 2907 293 2975 Doeringius
312 2905 423 2973 Silligius
442 2906 630 2959 Lachmannus.
667 2905 736 2958 Idem
752 2906 851 2975 placuit
871 2908 997 2961 Landoro.
1120 2916 1219 2958 canunt
1243 2924 1297 2970 quo

155 2979 233 3026 risere
248 2985 342 3042 parem
353 2975 637 3030 ABCDGHLLa¹OV
714 2984 813 3030 cauent
825 2994 881 3045 quo
893 2978 998 3031 uiscere
1011 2986 1108 3045 parent
1121 2981 1140 3031 h
1210 2987 1291 3033 canet

137 3062 190 3101 suo
208 3047 297 3100 uisere
316 3053 442 3115 parenta
541 3054 641 3101 canent
654 3063 708 3115 quo
721 3048 833 3101 uincere
846 3065 895 3116 par
907 3055 949 3102 est
963 3051 1090 3102 Auantius
1191 3057 1292 3104 canent

138 3133 209 3188 quos
222 3119 333 3170 uincere
346 3133 395 3185 par
407 3123 449 3170 est
461 3117 538 3186 Bapt.
553 3119 682 3171 Guarinus
695 3119 811 3171 Muretus
917 3126 1018 3173 canent
1030 3119 1104 3189 quod
1116 3122 1229 3174 uincere
1241 3138 1292 3189 par

138 3195 182 3242 est
194 3191 355 3242 Passeratius
368 3189 505 3242 Mas-cilius
517 3190 642 3258 Hauptius
655 3190 727 3256 Heys.
740 3189 828 3242 Rossb.
842 3190 963 3244 Schwab.
1041 3207 1097 3259 quo
1109 3191 1197 3245 sidere
1210 3209 1236 3259 p.
1249 3199 1291 3246 est

138 3262 202 3313 coni.
215 3260 395 3312 Lachmannus
497 3259 561 3326 quoi
574 3259 658 3313 fidere
671 3276 720 3327 par
732 3268 773 3313 est
786 3262 932 3313 Leutschius
1033 3263 1108 3329 quod
1120 3262 1212 3316 dicere
1224 3279 1251 3331 p.
1265 3279 1290 3317 e.

138 3333 292 3400 Doeringiru
364 3329 438 3398 quod
451 3328 552 3383 ducere
564 3347 614 3398 par
626 3337 667 3383 est
680 3332 785 3385 Riesius.

178 3419 219 3454 ιο.
257 3401 385 3470 Hymene
398 3400 548 3469 hymeneae
562 3403 587 3453 T
667 3401 819 3470 hymeneae
831 3405 858 3456 Τ.

179 3490 220 3525 11.
256 3471 398 3539 puellaeo
410 3473 436 3524 in
449 3491 534 3541 matg.
607 3472 740 3526 nobilis?
807 3474 1094 3536 ·1‹.2‹nnri÷c0dt.0mnes
1164 3475 1291 3543 aequales

138 3544 329 3596 Lachmannus.

178 3631 219 3666 ra.
254 3615 291 3666 sic
303 3613 426 3666 retur.
473 3611 635 3681 AspiceOh²
683 3612 839 3682 aspiceuth
895 3613 1296 3678 runnu:rrnrnootuauatu

139 3684 322 3754 nuptequeH
409 3684 537 3752 innuptae
551 3683 675 3752 (inuptae
689 3685 728 3754 B)
742 3700 812 3752 quae
827 3685 878 3737 AB
891 3686 949 3738 Ven.
1034 3685 1162 3755 innuptae
1175 3689 1294 3756 quamC

139 3773 253 3839 innupte
267 3773 383 3838 quaerit
396 3786 489 3824 secum
502 3778 533 3824 ut
545 3772 664 3825 meditie
677 3767 775 3840 quaer-t
788 3773 812 3825 O
974 3774 1105 3827 meditata
1118 3776 1260 3843 requirunt
1274 3778 1299 3828 T

138 3842 272 3896 meditata
285 3847 451 3910 requaerunt
464 3843 492 3893 D
579 3842 708 3892 meditare
723 3850 839 3907 querunt
850 3842 1018 3911 (queruntur
1030 3846 1074 3915 H)
1089 3846 1290 3900 ABGGHLLa¹

138 3914 246 3967 La²¹OV
254 3915 312 3966 Ven.
419 3912 595 3966 meditamine
608 3917 744 3981 quaerunt
755 3914 774 3964 h
785 3915 919 3966 Parisinus
933 3919 1002 3979 7989
1114 3916 1291 3971 meditamina

138 3989 275 4054 quaerunt
287 3982 357 4050 Itali,
370 3993 431 4036 teste
443 3985 615 4039 Lachmanno.
644 3984 761 4036 fortasse
772 3985 820 4036 buc
832 3986 988 4051 referendum
1000 3987 1065 4054 quod
1074 3998 1111 4039 est
1122 3989 1149 4040 in
1163 3988 1292 4042 Glossario

137 4055 286 4109 Balliolensi
299 4057 305 4083 ‘
317 4054 472 4122 Requirunt
485 4054 512 4106 iu
525 4054 686 4107 memoriam
699 4056 848 4108 reuocant!

177 4144 219 4192 13.
255 4140 378 4178 memora
391 4124 457 4193 psile
469 4128 496 4178 Τ.

178 4215 220 4262 14.
255 4196 331 4249 habet
343 4196 447 4248 Tsolus.
482 4199 623 4250 intextum
635 4196 792 4249 admisemnt
804 4193 900 4249 Statius
914 4198 1013 4250 Vossius
1027 4197 1126 4267 Vulpius
1139 4200 1291 4269 Doeringius

139 4269 301 4321 Her-mannus
315 4268 439 4336 Harptius
452 4267 554 4334 Heysius
566 4266 733 4319 Rossbachius
745 4267 885 4320 Pleitnems
898 4269 1043 4320 Leutschius
1054 4270 1195 4322 Richtenrs.
1228 4271 1291 4339 Spu·

139 4341 207 4392 rium
225 4338 318 4391 habent
337 4337 458 4406 Scaliger,
476 4338 589 4390 Naekius
607 4340 633 4390 in
652 4339 741 4407 Opust.
754 4340 777 4390 Ι.
794 4350 824 4407 p.
839 4356 887 4390 102
908 4350 936 4391 ut
953 4341 1066 4404 otiosum,
1085 4359 1127 4392 nec
1146 4340 1293 4394 conclusioni

138 4420 191 4462 octo
203 4428 319 4462 uersum
330 4410 417 4475 59-66
428 4418 455 4460 ut
463 4410 514 4478 ipse
523 4410 640 4478 opinatur
648 4410 836 4475 conuenientem,
846 4411 1026 4462 Lachmannus
1034 4411 1061 4462 in
1072 4411 1110 4464 ed.
1121 4412 1151 4477 1.,
1165 4412 1291 4465 Frankius

140 4482 253 4535 Cursiuis
266 4479 347 4532 literis
359 4478 448 4531 scribit
460 4480 610 4534 Schwabius
693 4479 819 4532 laborent
833 4481 931 4532 Vossius
944 4479 1014 4549 Vulp.

688 4592 743 4637 02
