3142 5059
309 388 375 453 180
770 385 993 450 CATVLLI

395 572 519 637 Omnia
540 584 615 637 sunt
637 576 775 659 Ingrata,
800 575 881 638 nihil
904 575 1018 637 fecisse
1041 576 1182 660 benigne

438 692 585 772 Prodest,
608 690 709 751 immo
730 691 832 752 etiam
854 688 964 752 taedet
986 689 1139 772 obestque
1162 690 1286 771 magie3

396 796 441 861 Vt
463 800 557 882 mihi,
579 818 675 882 quem
698 818 794 862 nemo
815 802 943 882 grauius
965 820 1025 862 nec
1047 802 1192 863 acerbius
1214 807 1317 883 urget,
1440 822 1453 872 ς

439 910 546 999 Qum
561 910 658 973 modo
671 912 726 994 qui
741 930 794 973 me
811 930 908 973 unum
924 920 1020 994 atque
1035 914 1166 975 unicum
1181 914 1321 975 anticum
1336 910 1453 973 habuit

812 1304 959 1370 LXXIV.

398 1474 539 1537 Gaumvs
561 1472 706 1536 audierat
729 1484 877 1557 patruum
899 1474 1064 1558 obiurgare
1087 1475 1199 1559 solere,

437 1586 543 1670 Siquis
564 1586 698 1651 delicias
719 1586 843 1650 diceret
865 1598 921 1650 aut
943 1587 1072 1651 faceret.

395 1698 470 1762 Hoc
494 1719 534 1763 ne
557 1701 619 1784 Ipsi
642 1698 815 1785 accideret,
838 1702 942 1784 patrui
966 1700 1150 1785 perdepsuit
1172 1701 1274 1783 ipsam

439 1810 578 1876 onrem
602 1821 635 1876 et
657 1822 804 1897 patruum
828 1813 967 1876 reddidit
989 1812 1233 1897 Harpocratem.

347 2093 470 2155 3.Post
487 2090 604 2158 benigne
622 2093 697 2161 augo
714 2092 813 2145 addunt
830 2098 882 2145 est.
925 2092 974 2144 Sed
990 2093 1045 2145 uide
1062 2094 1170 2145 Lachm.
1182 2092 1282 2144 Lucret.
1295 2102 1325 2160 p.
1340 2106 1403 2159 297,
1420 2093 1463 2161 qni

308 2108 386 2231 neglat
397 2170 439 2215 est
446 2174 496 2231 pro
509 2162 573 2215 ltcet
585 2174 735 2232 usurpatum
747 2165 867 2231 antiquae
877 2173 903 2215 et
910 2182 1052 2231 germanae
1065 2163 1215 2216 Latinitatis
1227 2181 1286 2215 esse.

347 2253 373 2297 4.
411 2230 500 2281 lnmro
513 2232 628 2301 (lmoG
639 2255 658 2288 a
670 2254 705 2287 m.
716 2254 764 2287 sec.
775 2232 844 2302 bad)
857 2232 938 2283 ellim
958 2231 1050 2283 lacclci
1070 2238 1177 2299 stetquc
1194 2230 1263 2301 (stes
1276 2232 1306 2284 II
1324 2232 1412 2285 orsrlel
1414 2251 1460 2301 pou

310 2304 358 2357 GO
367 2306 397 2356 V
397 2323 419 2357 c
387 2324 512 2373 r.marg
521 2304 584 2388 Lh)
592 2318 676 2366 ruam
670 2317 729 2369 quc
740 2303 840 2373 (magis
849 2302 902 2373 Hc)
912 2305 994 2368 magis
983 2303 1156 2373 (magisque
1165 2304 1202 2356 ad
1217 2310 1301 2371 atque
1311 2318 1398 2369 magis
1406 2302 1462 2373 Hc)

309 2375 378 2427 codd.
431 2375 557 2440 Prodest,
568 2391 653 2427 rmmo
661 2375 745 2429 etiam
754 2375 848 2427 taedet
858 2374 992 2443 obestque
1002 2376 1085 2441 magis
1094 2376 1200 2442 Guyetus
1210 2374 1378 2426 Froehlichiru
1381 2372 1463 2443 ‚(nisi

309 2466 336 2567 p
326 2447 424 2498 uadhie
435 2446 517 2499 laedit
525 2458 575 2515 pro
584 2446 678 2499 taedet
686 2444 811 2515 scripsit
789 2444 930 2515 Bueche
927 2466 984 2499 erus
994 2444 1153 2498 Schwabius.
1163 2446 1197 2511 cf.
1205 2445 1254 2498 Ou.
1262 2446 1337 2497 Trist.
1346 2414 1399 2497 III.
1409 2466 1436 2511 4.
1446 2452 1461 2498 8

338 2532 374 2569 on

393 2516 478 2585 prosit
496 2518 586 2585 potius
601 2518 685 2585 siquis
703 2515 799 2569 obesse
818 2523 918 2584 potest,
932 2518 982 2571 Cic.
995 2518 1100 2571 Orator.
1113 2535 1134 2569 e.
1148 2518 1254 2569 XLIX
1287 2515 1364 2568 Bene
1376 2532 1463 2585 quam

310 2588 437 2640 meritam
455 2603 514 2640 esse
535 2594 660 2641 autumas
679 2587 756 2639 Dicis
777 2588 848 2640 male
868 2589 968 2640 mereri
990 2588 1022 2640 ld
1041 2586 1115 2655 quod
1136 2588 1189 2640 scis
1208 2586 1321 2654 prodest
1338 2586 1415 2651 nihil,
1434 2588 1462 2639 id

310 2658 385 2725 quod
401 2658 489 2711 nescis
508 2658 595 2711 obest.
633 2658 749 2711 Versum
766 2657 873 2711 efficit
866 2674 923 2726 rpsa
938 2659 1034 2711 relatio
1049 2658 1259 2711 contrariorum.
1297 2657 1330 2709 ld
1341 2658 1442 2710 esset
1434 2675 1463 2711 m

309 2729 434 2781 oratione
451 2744 636 2782 numerosum.
674 2730 758 2798 Qrod
770 2730 823 2782 scls
835 2730 901 2782 nihil
912 2730 1032 2811 prodest,
1045 2728 1120 2797 quod
1133 2730 1221 2782 nescis
1238 2728 1355 2781 multum
1370 2728 1463 2783 obest.

313 2799 402 2851 Immo
420 2800 505 2851 etiam
526 2800 628 2865 taedet,
646 2800 741 2853 taedet
762 2800 897 2869 obestque
918 2801 1002 2867 magis
1020 2802 1147 2853 Auantius
1166 2800 1228 2853 ΑΜ.
1241 2802 1264 2853 I.
1281 2800 1446 2852 Guarinus
1434 2820 1463 2853 sn

309 2888 399 2922 comm.
412 2871 529 2923 Muretus
542 2872 639 2923 Statius
651 2870 806 2923 Roborteilus
817 2870 909 2938 (Grut.
919 2873 941 2923 I.
955 2870 1037 2941 1456)
1048 2872 1200 2941 Doertrgrus
1272 2870 1362 2923 Immo
1375 2871 1463 2924 etiam

309 2940 436 2993 taedet·
415 2956 437 2992 st
450 2940 480 2993 fit
493 2940 627 3010 obestque
639 2942 724 3007 magis
736 2943 917 2995 Lachmannus
930 2942 1026 3025 Haupt.
1039 2942 1112 3009 Heys.
1207 2942 1266 2995 stat
1278 2942 1363 3008 magis
1375 2948 1463 3011 atque

309 3011 394 3077 magis
408 3011 606 3081 HandiusBerg
606 3013 661 3063 ktus
796 3012 887 3067 Immo
905 3013 997 3079 etiarn,
1016 3012 1117 3079 CaeleI,
1136 3012 1230 3065 taedet
1247 3012 1356 3081 obestq.
1374 3015 1463 3080 magis

308 3081 368 3134 olim
382 3084 445 3135 coni.
457 3032 617 3136 Schwabius.

346 3153 465 3218 5.Vae
481 3167 531 3224 pro
551 3160 583 3207 ut
603 3155 731 3207 Guarinus
749 3152 863 3223 Scaliger
970 3152 1003 3205 ld
1016 3155 1140 3223 Bergkius
1246 3169 1318 3222 quae
1332 3151 1419 3223 (quc)
1434 3156 1465 3207 A

303 3237 349 3295 pr.
346 3170 677 3278 ⁵l3cGHLLa¹La10Vad
728 3242 776 3293 qm
789 3226 818 3277 D
871 3240 954 3293 quem
966 3244 998 3277 ac
1009 3226 1047 3277 ed
1058 3227 1105 3278 Pr.
1138 3227 1200 3277 Post
1214 3244 1238 3277 u.
1250 3227 1463 3289 5incsecuntur

309 3316 331 3349 c.
344 3298 508 3349 LXXXIX.
522 3299 537 3347 6
557 3295 744 3380 Qantumuis
755 3310 840 3365 quare
856 3296 892 3347 sit
908 3312 1002 3349 macer
1016 3296 1254 3349 inuenies-CVII.
1269 3314 1282 3347 o
1304 3295 1461 3364 Insperanti

309 3366 363 3420 hoc
375 3373 417 3421 est
428 3375 536 3434 gratum
549 3370 641 3420 animo
652 3367 771 3434 proprie.

321 3442 371 3492 ‘6.
406 3440 524 3492 amicum
541 3438 623 3491 habet
637 3440 747 3492 ACDL.
784 3439 873 3491 Versus
888 3440 940 3503 5‚6
957 3438 1057 3491 Handio
1072 3440 1153 3507 spurii
1169 3436 1300 3505 rudentum
1318 3438 1385 3490 idem
1395 3438 1462 3505 sor·

308 3520 376 3562 tasse
395 3520 508 3563 senserat
528 3510 656 3562 Auantius
675 3511 717 3578 qui
737 3520 817 3563 toturn
838 3528 940 3563 carmen
965 3510 1129 3562 tetrastichon
1153 3511 1179 3562 in
1201 3508 1298 3575 Rufitm
1322 3512 1462 3563 uocant-it.

308 3582 418 3634 Carmen
430 3599 486 3633 curn
500 3582 641 3634 LXXVII.
654 3584 703 3633 1—6
716 3581 909 3650 coniungendam
921 3600 973 3633 esse
984 3591 1064 3633 censet
1075 3580 1127 3634 Ed.
1138 3578 1158 3633 ό
1167 3581 1277 3633 Bruner.

816 3716 954 3771 LXXIV.

344 3808 398 3860 Hoc
409 3828 511 3862 carmen
523 3828 579 3862 etan
591 3828 613 3863 c.
625 3810 741 3862 LXXII
749 3811 896 3861 continuant
907 3809 977 3861 codd.
988 3828 1071 3861 omnes
1082 3811 1181 3863 sinceri.
1201 3844 1203 3847 -

348 3962 371 3998 1.
408 3895 529 3999 selluso
599 3946 700 3999 Lellius
715 3946 765 3997 AL
837 3940 1094 4001 LeliusBCDGla¹
1171 3946 1461 4006 Laetiuscrotttam

309 4018 386 4069 Misc.
399 4018 563 4069 LXXXIII.
654 4017 786 4070 Leuiusa
879 4018 973 4071 Gelius
985 4018 1029 4070 Hh
1039 4018 1077 4071 ed.
1090 4020 1182 4071 Parm.
1195 4034 1261 4083 1473
1355 4020 1461 4073 Gellius

309 4132 395 4181 marg.
408 4132 421 4164 c
434 4112 475 4165 ru
542 4113 719 4179 pirama,
760 4083 866 4181 ...Tam
880 4116 909 4167 A
977 4112 1122 4181 obiurgare
1136 4111 1461 4169 nacarrauatorua

308 4184 432 4251 obiurgia
443 4184 626 4236 Riccardianus
644 4184 676 4235 cd
689 4183 727 4236 ed.
737 4187 783 4237 Pr.
874 4183 1058 4252 obiurgiuma
1144 4184 1265 4253 abiurgia
1278 4186 1307 4237 D
1393 4187 1457 4240 llere

308 4257 376 4309 codd.
389 4274 471 4308 omnes
541 4254 630 4307 solere
641 4256 804 4309 Parthenius.

309 4344 371 4450 831.
406 4324 559 4391 perdespuu
578 4325 929 4380 ABCDGIILLaILa²OVh
1007 4324 1224 4395 pardespuitad
1299 4327 1461 4398 perdepsuit

327 4416 429 4466 casger.

345 4514 370 4557 4.
406 4495 476 4546 ato
555 4492 668 4546 auses.
685 4508 749 4558 1473
833 4464 973 4563 ..mna
1042 4494 1202 4562 parumn
1270 4493 1459 4551 mortuum
