3142 5059
320 352 381 405 250
721 344 777 403 DE
803 344 1068 405 PARTITIONE

523 536 547 587 αί
561 532 584 587 8
598 532 701 601 ἁπαλὴν
713 534 830 589 πίνοντες
844 530 988 603 ἆιξιφῦτου
1002 532 1101 602 δρόσον
1114 529 1198 587 Ἠοῦς

523 634 646 699 λιιρὸνιι
659 633 790 702 γιλόασιν
803 629 981 701 ιὶνοιγομίνοιο
994 628 1091 701 ρόδοιο.

522 760 606 832 χαίριι
620 763 661 815 καὶ
675 761 782 831 σύριγγι
797 759 885 827 νομιῢι
899 759 927 812 ἐν
941 756 1034 829 ὃρισσι
1047 757 1173 829 λιγαίνων

524 859 566 912 tul
578 859 681 914 ιιολιοῖι
694 854 796 929 ἐρίφοις
810 856 970 925 ι’πιτέρπιται
985 854 1091 910 αἰπόλοι
1104 852 1193 924 nisit.

524 987 573 1056 ἤδη
586 986 615 1041 δι’
628 987 764 1042 πλοίοισιν
776 984 816 1039 r'sr'
831 986 905 1055 ιύρία
919 981 1018 1053 κύματα
1032 987 1120 1037 ναῦται

523 1087 600 1153 πνοιῇ
613 1084 753 1157 ιίημιίντφ
767 1080 888 1154 Ζεφύρου
901 1080 961 1135 λίνα
975 1082 1167 1136 κολπῶσαντιι.

524 1214 572 1283 ἤδη
586 1212 609 1268 δ’
622 1214 744 1280 οἰκίζουσι
757 1210 954 1285 φιριστιιφιίλφ
969 1208 1088 1283 Διονύσῳ

524 1310 596 1366 tutet
608 1312 780 1382 βοτροόιννοι
793 1310 949 1382 ι’ριψιίρινοι
962 1309 1040 1379 τρίχα
1054 1310 1158 1362 κισσοῦ.

524 1442 588 1514 im
601 1441 630 1495 δι’
643 1440 783 1512 reprimo
795 1441 967 1511 βοηγινίισσι
980 1438 1121 1507 μιλίσσιιιι

525 1539 592 1593 ιιαλιί
605 1538 680 1608 ρι’λιι
692 1537 734 1593 καί
746 1538 855 1610 σίμβλῳ
868 1534 995 1607 ι’φῆμιναι
1008 1534 1157 1607 ι’ργίζονται

524 1637 604 1691 λιυιιὸ
616 1634 792 1705 πολοτρήνοιο
806 1636 929 1705 νιόρρντα
943 1634 1041 1688 ιιιίλλιο
1054 1634 1138 1703 κηροῦ.

525 1767 609 1835 πίννη
622 1764 645 1820 δ’
659 1763 769 1836 ὀρνίθιον
782 1764 857 1837 γενεὴ
871 1760 1023 1835 λιγύφωνον
1036 1760 1122 1816 risibus·

527 1864 650 1920 ιίλιινόνιι·
661 1865 722 1934 περὶ
735 1867 811 1932 ιιῦμο,
824 1862 956 1933 χελιδόνες
969 1860 1037 1931 ἀμφὶ
1050 1860 1174 1930 ρι’λιιθρα,

527 1960 615 2019 stim
628 1960 669 2015 ἐπ’
683 1959 806 2032 ὄχθαισιν
818 1962 943 2029 ποταμοῦ,
958 1960 1000 2013 καὶ
1013 1956 1055 2013 ὑπ’
1069 1957 1153 2013 ἄλσος
1165 1956 1260 2024 ἀηδών.

527 2094 550 2146 ri
564 2092 593 2146 δὲ
607 2094 698 2162 φυτῶν
710 2093 835 2164 χαίρουσι
849 2090 925 2159 κόραι
939 2090 979 2144 καί
993 2092 1053 2161 γαῖα
1066 2088 1167 2155 τέθηλε,

527 2186 626 2259 cupisse
639 2190 668 2243 δὲ
682 2188 774 2258 νομιιλι
788 2187 829 2243 καὶ
841 2186 961 2257 σι’ρσιναι
975 2190 1070 2255 ιῦιιομα
1083 2187 1161 2255 μῆλα,

527 2288 569 2341 καί
582 2290 671 2341 νοῦνοι
683 2287 814 2355 σλιίονσι,
829 2286 963 2339 Διώνυσος
977 2283 1006 2337 dd
1019 2280 1132 2354 χορεύει,

527 2385 569 2438 καί
580 2383 675 2452 ρι’λπιι
687 2384 798 2451 σινιηνιλ
811 2382 852 2436 καί
866 2378 989 2435 ιἰδίνοοσι
1002 2380 1138 2449 μίλισσαι,

527 2486 583 2538 ntis
596 2482 627 2535 οὗ
640 2480 690 2551 χρν)
704 2480 745 2536 stul
757 2479 846 2535 ἇοιὸιλν
859 2479 887 2533 fr
900 2476 965 2549 ι’ίαρι
979 2479 1057 2533 καλὸν
1070 2471 1186 2545 deiuut¹3

365 2634 462 2693 Etiam
480 2636 510 2693 in
537 2635 641 2693 iambis
669 2634 748 2692 idem
772 2633 882 2693 factum
907 2632 1005 2705 fuisse,
1027 2634 1132 2709 partim
1159 2650 1196 2690 ex
1220 2632 1380 2708 tragoediis
1404 2654 1488 2712 quas

324 2732 372 2791 hic
398 2732 526 2807 prudens
554 2741 713 2807 praetereo,
743 2732 849 2809 partim
878 2748 915 2789 ex
948 2731 1115 2789 breuiorum
1143 2730 1305 2789 carminum
1335 2732 1487 2810 relliquiis

324 2827 513 2887 concluditur.
555 2827 593 2886 Et
608 2827 771 2907 Hipponax
791 2828 910 2906 quidem
927 2828 1079 2905 quomodo
1099 2828 1212 2887 iambos
1234 2846 1304 2888 suos
1324 2830 1486 2899 ordinarit,

324 2926 468 2983 incertum
486 2933 530 2982 est
550 2943 606 2984 nec
624 2943 660 2983 ex
675 2925 846 3003 fragmentis
868 2935 964 3002 potest
985 2926 1098 3001 colligi3
1121 2943 1191 2984 casu
1210 2927 1288 2983 enim
1302 2925 1363 2984 lieri
1377 2932 1485 3002 potuit

325 3032 357 3081 ut
377 3021 410 3080 fr.
427 3040 474 3097 34,
497 3036 545 3097 35,
566 3025 613 3096 36,
635 3041 683 3096 4ι,
706 3042 754 3099 49,
779 3037 814 3097 72
842 3024 942 3083 omnia
966 3040 1019 3099 per
1042 3040 1197 3081 numerum
1221 3024 1377 3081 ternarium
1401 3026 1482 3083 diui-

324 3120 447 3194 dantur;
476 3121 558 3196 quod
578 3121 656 3179 idern
677 3121 755 3180 cadit
774 3130 804 3179 et
825 3120 855 3178 in
872 3119 1034 3179 Herodam.
1078 3119 1136 3178 Sed
1153 3130 1264 3178 certum
1283 3138 1480 3181 numerorum

325 3219 468 3289 ordinem,
496 3236 622 3294 eumque
648 3228 709 3277 arte
737 3218 909 3294 quaesitum,
940 3218 1032 3277 facile.
1055 3218 1085 3275 in
1112 3216 1267 3276 Phoenicis
1300 3216 1479 3293 fragmentis

324 3318 482 3379 discernas.
523 3315 658 3389 Quorum
673 3315 754 3391 quod
773 3316 900 3393 primum
921 3326 965 3375 est
980 3312 1098 3393 (Bergk.
1114 3312 1232 3373 Anthol.
1247 3314 1343 3390 Lyric.
1357 3334 1385 3390 p.
1404 3316 1478 3393 182)

322 3424 383 3491 tres
402 3426 499 3491 partes
517 3414 605 3474 habet
619 3424 808 3490 septenorum
822 3430 969 3483 uersuum,
984 3414 1034 3489 qui
1048 3430 1145 3473 rursus
1165 3412 1205 3471 sic
1220 3412 1388 3473 diuidunttu
1404 3434 1476 3489 322,

326 3530 395 3585 223,
421 3531 489 3586 322.
542 3512 682 3580 Alterum,
708 3510 770 3569 siue
793 3510 938 3585 integmm
960 3520 1005 3569 est
1025 3511 1086 3569 siue
1108 3524 1175 3585 pars
1196 3509 1314 3569 maioris
1335 3514 1476 3571 carminis

325 3610 407 3667 cuius
424 3608 500 3668 aliud
513 3608 712 3684 fragmentum
727 3617 858 3684 superest
873 3605 903 3684 (3
919 3604 1041 3684 Bergk.)
1056 3606 1086 3664 in
1106 3606 1179 3665 duas
1199 3610 1339 3679 περικοπὰς
1361 3607 1473 3669 duode·

325 3722 431 3762 norum
445 3723 592 3776 uersuum,
606 3705 662 3763 hae
676 3714 774 3764 autem
789 3706 820 3763 in
836 3723 944 3779 33222,
961 3723 1060 3779 32223
1076 3702 1169 3763 scindi
1183 3704 1324 3763 uidentur.

366 3798 525 3859 Simonidis
548 3801 702 3877 Amorgini
730 3803 832 3861 nescio
860 3820 897 3861 an
927 3820 997 3863 casu
1021 3801 1150 3863 euenen't
1174 3811 1206 3861 ut
1229 3801 1290 3861 fr.1
1314 3802 1345 3859 in
1371 3817 1472 3878 55455

324 3896 517 3968 distribuatur,
540 3908 651 3957 certum
676 3900 755 3957 enim
782 3898 916 3958 ordinem
943 3900 993 3957 uix
1024 3900 1055 3956 in
1082 3899 1214 3973 longiore
1242 3898 1406 3973 fragmento
1436 3902 1472 3959 de

324 3994 491 4055 mulieribus
507 3996 537 4069 (7
553 3994 664 4075 Bergk)
678 4014 851 4073 cognoscas.
888 3998 923 4056 ln
937 3996 1164 4073 Epigrammatis
1176 3995 1381 4071 Anthologiae
1396 4014 1472 4073 quae

324 4092 428 4152 iambis
442 4093 549 4169 scripta
561 4103 636 4164 sunt,
652 4095 767 4169 saepius
782 4094 935 4165 inuenitur,
950 4104 982 4152 ut
996 4093 1065 4152 Vll.
1078 4111 1146 4168 394,
1158 4093 1227 4169 692,
1240 4096 1308 4167 693,
1322 4108 1390 4166 405,
1402 4109 1469 4167 455,

324 4210 400 4269 quae
421 4192 521 4250 omnia
542 4209 594 4250 sex
614 4209 717 4250 uersus
737 4191 854 4263 habent,
869 4210 922 4269 per
945 4210 1021 4267 3><2
1045 4190 1171 4264 diuisos;
1195 4200 1227 4249 ut
1242 4190 1310 4250 VII.
1328 4192 1396 4261 280,
1412 4194 1465 4248 281

360 4344 369 4374 ¹
385 4346 450 4393 Vidit
465 4345 525 4394 harre
535 4344 719 4393 distributionem
731 4345 837 4392 ceraunis
849 4346 919 4409 lingo
932 4348 1026 4396 Grotius
1037 4362 1135 4410 eamque
1149 4347 1173 4394 in
1186 4345 1373 4409 interpretatione
1385 4344 1466 4392 Lotina
