3142 5059
740 369 796 429 DE
821 366 1082 430 PARTlTlONE

662 570 831 631 Haacuuas
856 570 980 630 Funeris
1003 572 1154 644 83o·894.

406 696 487 757 Harl.
502 702 589 773 2484.
835 700 918 760 Harl.
934 702 1023 776 ⁶33²·

747 816 846 875 Ausus
860 827 904 874 est
918 833 1025 875 caecos

283 910 342 970 Sed
356 910 493 989 frequens
507 930 616 988 magna
748 912 808 971 Sed
822 912 957 987 frequens
972 930 1082 988 magna

747 1008 850 1080 Qualis
864 1009 967 1069 Eleum

747 1106 867 1179 Quanta
880 1125 948 1166 cum
961 1107 1050 1183 longe

283 1200 341 1259 His
355 1200 456 1259 datum
470 1200 541 1259 solis
1534 1264 1535 1269 Ἰ

284 1300 347 1357 Stat
361 1298 452 1357 cbaos
466 1298 591 1358 densum
1150 1299 1213 1358 Stat
1226 1298 1317 1358 chaos
1333 1296 1461 1355 densum
1534 1336 1535 1375 3

284 1394 355 1453 Sera
369 1412 424 1455 nos
439 1395 487 1453 illo
1151 1396 1223 1455 Sera
1237 1414 1292 1454 nos
1306 1394 1357 1451 illo
1534 1382 1535 1389 ¹

1149 1494 1230 1566 Quid
1245 1494 1324 1551 iuuat
1534 1534 1535 1561 3

284 1587 397 1647 Thebis
411 1588 486 1648 laeta
500 1590 563 1649 dies
576 1592 659 1652 adest
1149 1592 1262 1650 Thebis
1277 1590 1355 1649 laeta
1367 1587 1435 1647 dies
1448 1587 1520 1646 adm
1534 1576 1535 1647 l

1149 1689 1275 1749 Cessent
1289 1686 1430 1763 deposito
1534 1724 1535 1727 =

283 1782 384 1843 Stante
393 1784 458 1864 (sic)
469 1788 616 1849 sacrificus
628 1808 730 1851 comas

281 1879 345 1941 Pax
359 1895 403 1943 est
417 1883 566 1947 Herculea
579 1906 670 1947 manu
1149 1886 1210 1944 Pax
1224 1894 1269 1943 est
1283 1882 1435 1943 Herculea
1447 1882 1535 1936 manu}

373 2044 441 2106 Hae
465 2048 634 2124 partitiones
653 2050 826 2128 plerumque
847 2050 960 2111 duabus
980 2048 1065 2111 lineis
1086 2049 1188 2127 positis
1209 2050 1237 2104 tx
1257 2045 1432 2119 παραλλήλου
1453 2044 1481 2101 in
1534 2076 1535 2127 3

332 2142 448 2202 sinistro
467 2146 554 2205 latere
572 2166 674 2207 uersus
688 2145 755 2226 (=)
768 2148 816 2207 uel
837 2158 908 2207 nota
928 2149 1012 2207 simili
1033 2149 1096 2207 eius
1116 2164 1191 2223 quae
1213 2146 1243 2203 in
1258 2142 1366 2202 Horati
1387 2154 1482 2203 exstat
1534 2160 1535 2167 ¹

333 2242 490 2314 codicibus,
508 2248 555 2317 V,
569 2245 724 2317 interdum,
736 2257 770 2306 ut
782 2248 814 2304 in
828 2244 1033 2316 Lincolniensi,
1048 2245 1141 2321 prima
1155 2244 1235 2301 litera
1248 2241 1361 2301 maiore
1378 2242 1482 2301 ceteris

332 2350 362 2399 et
383 2341 481 2399 colore
500 2344 631 2418 quodam
651 2344 758 2421 insigni
778 2344 904 2421 adpicta,
918 2344 975 2413 uel,
990 2342 1071 2419 quod
1091 2343 1162 2401 alias
1182 2342 1307 2400 occurrit
1322 2342 1352 2399 in
1374 2342 1482 2401 eodem

333 2438 445 2509 codice,
461 2444 501 2517 ᾳ·
519 2450 637 2500 extante
656 2451 686 2501 et
706 2440 823 2501 alternis
841 2440 942 2511 minio,
957 2440 1072 2499 alternis
1086 2456 1213 2517 purpura
1227 2438 1374 2508 distincto,
1389 2440 1483 2499 deno
1534 2498 1535 2513 ,

333 2546 437 2595 tantur.
489 2537 641 2611 Quantum
665 2539 740 2598 inter
761 2557 794 2597 se
819 2538 997 2598 conueniant
1020 2556 1057 2596 ex
1081 2537 1187 2597 tabulis
1211 2536 1285 2595 meis
1310 2540 1482 2612 apparebit:

333 2645 475 2709 quantum
496 2655 533 2695 ex
554 2638 679 2714 antiquis
702 2636 840 2696 traditum
862 2636 906 2707 sit,
933 2636 974 2695 sic
998 2635 1148 2711 intelliges,
1168 2635 1192 2693 si
1216 2634 1328 2693 collatis
1349 2636 1428 2694 inter
1453 2656 1484 2695 se

333 2734 446 2803 tabulis,
462 2751 530 2792 cum
545 2736 694 2794 schemate
708 2735 842 2795 conferes
855 2734 1041 2811 partitionum
1055 2733 1155 2810 quales
1170 2752 1188 2792 a
1202 2731 1342 2791 Richtero
1357 2732 1483 2810 Peipero

334 2829 396 2886 aliis
410 2838 479 2889 sunt
493 2832 662 2908 descriptae.
706 2830 755 2891 Sic
769 2831 859 2892 Chori
875 2830 1086 2891 Thebanorum
1103 2829 1129 2889 0
1137 2832 1265 2908 fortino
1286 2832 1361 2889 uerri
1383 2833 1482 2889 abarim
1534 2902 1535 2905 Ἴ

231 3005 242 3013 ¹
323 2926 454 3003 scrru'bus
470 2926 572 3003 (Herc.
587 2928 653 2988 Fur.
670 2926 824 3009 524-591)
840 2934 930 3003 σχῆμα
945 2928 1026 3006 quod
1040 2929 1114 2988 mira
1132 2940 1193 2988 arte
1207 2928 1372 3005 designauit
1386 2944 1482 3007 poeta,
1534 2982 1535 3009 3

335 3024 502 3084 huiusmodi
516 3036 567 3084 est

568 3129 1249 3226 ²·tl4·¹0ls·⁸l2·⁶'la·8l5·⁶l4

377 3254 445 3314 Hae
465 3260 602 3330 περικοπιιὶ
622 3277 727 3319 omnes
745 3261 776 3319 in
795 3279 856 3320 uno
879 3262 1076 3321 Lincolniensi
1095 3269 1195 3320 extant
1211 3260 1370 3319 clarissime
1392 3262 1482 3319 minio
1534 3246 1535 3257 ¹

336 3364 365 3412 et
379 3372 507 3431 purpura
526 3356 682 3417 denotatae
695 3367 809 3434 praeter
823 3377 873 3419 eas
887 3360 993 3435 quibus
1008 3360 1114 3435 stigma
1127 3376 1188 3417 non
1202 3358 1336 3433 apposui.
1380 3356 1481 3434 ltaque
1534 3388 1535 3423 r

336 3470 372 3509 ex
393 3454 532 3513 tredecim
553 3464 611 3513 tres
628 3464 742 3514 tanturn
755 3457 911 3532 perierunt,
926 3465 955 3515 et
975 3476 1011 3515 ex
1033 3456 1078 3515 his
1098 3456 1188 3513 tribus
1209 3454 1284 3512 duae
1306 3454 1419 3529 priores
1439 3456 1480 3512 in-
1534 3440 1535 3497 ἓ

336 3550 491 3609 ueniuntur
504 3552 535 3609 in
550 3551 632 3611 Harl.
648 3556 738 3628 6332,
753 3554 841 3613 altera
862 3554 892 3613 in
910 3554 992 3612 Harl.
1011 3557 1096 3629 2483.
1140 3552 1199 3611 Sed
1220 3570 1286 3613 curn
1308 3552 1365 3611 hae
1386 3563 1479 3629 partes

336 3656 437 3720 utpote
460 3666 586 3723 magnae
614 3651 645 3707 in
668 3652 782 3709 minora
808 3653 940 3711 membra
968 3651 1126 3721 discedant,
1150 3658 1250 3709 extant
1277 3660 1365 3708 notae
1395 3652 1478 3708 etiam

337 3741 459 3814 horum;
487 3758 588 3817 nam7
610 3765 712 3806 uersus
733 3748 783 3825 qui
806 3749 916 3825 primos
933 3768 948 3807 a
965 3758 1110 3820 secuntru,
1131 3748 1214 3807 incisi
1235 3756 1303 3821 sript
1323 3746 1354 3805 in
1376 3748 1477 3807 eodem

336 3836 536 3899 Lincolniensi
554 3844 656 3903 codice
675 3854 742 3920 post
755 3846 870 3905 tertium
885 3856 1087 3924 quartumque,
1101 3845 1179 3905 unde
1198 3846 1331 3905 membra
1351 3846 1394 3905 sic
1412 3864 1478 3905 con·

338 3935 438 3995 stituas
453 3956 511 4013 313
520 3958 528 4010 ;
551 3958 622 3999 mox
638 3943 689 4017 qui
705 3953 842 4002 secuntur
856 3962 875 4015 4
891 3944 920 4002 in
937 3962 973 4002 aa
995 3943 1163 4015 discedunt;
1185 3942 1311 4019 proximi
1329 3960 1366 4001 ro
1380 3943 1410 4002 in
1425 3960 1476 4017 55;

304 4084 310 4097 .
337 4033 429 4091 ultimi
445 4053 461 4106 4
477 4036 507 4093 in
524 4055 570 4095 aa.

379 4130 523 4190 Senecam
547 4135 596 4211 qui
623 4136 750 4195 imitatus
777 4148 822 4197 est
845 4136 985 4197 Boethius
1013 4156 1076 4199 non
1096 4140 1202 4199 mirum
1230 4140 1254 4197 si
1278 4138 1408 4197 carmina
1430 4156 1477 4197 sua

336 4229 441 4289 iisdem
455 4232 658 4307 gubernaculis
671 4235 752 4292 rexit.
794 4234 859 4295 Nec
874 4236 903 4294 in
918 4255 1067 4314 quoquam
1080 4237 1154 4296 libro
1168 4237 1291 4297 certiora
1304 4237 1477 4312 reperiuntur

338 4328 421 4404 signa
436 4330 609 4389 incisionum
624 4350 713 4407 quam
728 4333 757 4391 in
772 4351 809 4393 eo
823 4352 911 4410 quern
925 4336 1038 4412 scripsit
1052 4335 1099 4394 bic
1113 4334 1150 4395 de
1161 4334 1372 4395 Consolatione
1386 4333 1476 4393 Philo-

338 4425 467 4501 sophiae.
509 4427 545 4487 Id
566 4430 647 4489 lectis
668 4430 843 4492 carminibus
865 4432 961 4491 statim
982 4434 1106 4508 agnoui;
1134 4443 1237 4509 postea
1252 4432 1384 4491 excussis
1402 4431 1474 4491 codi-
