3142 5059
319 377 377 432 278
718 371 774 432 DE
801 371 1064 432 PARTITIONE

340 573 375 628 ι4
394 553 612 632 Epignmus
644 553 942 626 ducrmumLXXI,
964 553 1107 620 LXXIII.
1131 551 1271 624 LXXIV,
1292 551 1454 617 LXXVIII.

885 651 1026 723 LXXXI,
1075 651 1247 720 LXXXIII,
1297 650 1458 713 Lxxm

887 747 1058 818 LXXXIX,
1087 748 1152 818 XC,
1182 746 1295 818 XCVI,
1326 747 1458 814 XCVIII,

885 845 999 916 CVIII,
1013 843 1094 911 CIX,
1108 844 1218 905 CXIV.

358 961 606 1020 8——
650 962 813 1018 8-
835 957 961 1030 LXXII,
972 959 1097 1029 LXXX,
1108 957 1311 1030 LXXXVIII,
1323 957 1361 1028 C,
1372 957 1461 1025 CVII.

883 1053 948 1126 CX,
963 1053 1058 1127 CXV,
1073 1052 1197 1115 CXVI¹.

359 1191 377 1244 4
401 1201 605 1216 ----
633 1187 669 1228 ιο
689 1201 814 1214 -
837 1167 947 1240 LXIX,
961 1167 1043 1240 XCI,
1057 1167 1151 1241 XCV,
1164 1167 1217 1228 CI.

360 1305 376 1346 a
402 1317 607 1332 —-
633 1301 814 1342 12——
838 1282 963 1355 XCVII,
978 1283 1146 1344 LXXXIV.

362 1417 374 1456 r
403 1429 605 1442 -—-·—
635 1399 670 1456 16
692 1427 814 1440 —
838 1395 947 1456 XCIX.

357 1569 438 1630 Hiuc
465 1571 579 1630 uidetur
607 1569 739 1632 Catullus
766 1571 980 1648 epigrammata
1006 1570 1138 1646 inprimis
1164 1586 1217 1628 sex
1244 1586 1398 1639 uersuum,
1421 1587 1465 1628 sc·

316 1669 416 1730 cundo
442 1667 510 1728 loco
537 1677 671 1744 quatuor,
693 1669 778 1728 tertio
805 1677 885 1739 octo,
909 1677 1012 1744 quarto
1033 1667 1158 1727 duorum
1178 1684 1303 1726 amasse.
1356 1667 1418 1726 Sed
1436 1668 1465 1724 iu

316 1767 454 1826 omnibus
474 1765 549 1825 inest
568 1783 621 1824 suo
640 1767 794 1838 wpprrpia,
808 1763 846 1824 de
860 1783 919 1841 qua
932 1762 1004 1824 dixit
1017 1763 1159 1824 anluus
1174 1763 1236 1841 (pp.
1252 1783 1280 1836 4,
1296 1765 1325 1834 6,
1344 1760 1464 1838 rr-rri

317 1861 379 1934 Qui
399 1873 498 1922 tamen
519 1863 620 1922 nescio
634 1879 673 1920 rur
693 1861 762 1920 satis
781 1863 812 1920 in
825 1879 863 1921 eo
876 1872 1008 1922 moratus
1021 1863 1059 1920 sit
1071 1861 1153 1939 quod
1173 1871 1218 1920 cst
1236 1861 1268 1920 iu
1282 1860 1395 1920 Catulli
1407 1861 1465 1937 epi

317 1961 486 2038 grammatis
512 1959 711 2037 praecipuum,
732 1969 764 2018 ut
788 1959 907 2036 aliquod
930 1961 1063 2030 uerbum,
1085 1960 1231 2019 interdum
1253 1959 1347 2016 etiarn
1375 1959 1465 2036 pium

317 2074 355 2116 ex
369 2059 464 2134 priore
481 2074 568 2116 uersu
582 2057 612 2114 iu
627 2057 762 2132 proximo
779 2065 900 2132 repetat
941 2054 1033 2114 Extra
1051 2057 1129 2116 harro
1149 2072 1284 2115 normam
1301 2064 1385 2114 stant
1405 2067 1466 2112 tuu-

318 2153 473 2214 tummodo
494 2153 575 2224 haec,
596 2152 738 2224 LXXIII,
759 2152 899 2224 LXXXI,
919 2152 1072 2224 LXXXV,
1093 2152 1207 2224 XCIII,
1221 2151 1288 2222 CH,
1303 2151 1390 2224 CIV,
1405 2151 1467 2224 CV,

317 2251 398 2323 CVI,
413 2251 525 2324 CVIII,
540 2249 620 2322 CIX,
635 2249 715 2310 CXI.
757 2249 805 2310 Dc
819 2251 939 2327 singulis
954 2253 1110 2326 generibus
1123 2251 1197 2310 haec
1211 2251 1334 2332 subicio.

360 2397 405 2476 (r)
426 2395 646 2476 Epigrammatc
660 2415 678 2468 4
692 2415 840 2458 uersuum.

439 2519 476 2578 ln
496 2520 542 2578 his
558 2528 703 2595 utrimque
717 2518 862 2579 distichon
877 2519 1023 2595 integrum
1035 2537 1089 2596 per
1108 2537 1143 2579 se
1162 2530 1191 2578 et
1211 2517 1381 2578 absolutum
1402 2537 1469 2578 esse

481 2617 539 2676 itm
559 2615 702 2676 Frankiuo
722 2617 844 2676 notuuit
886 2615 1079 2693 Excipiuntur
1098 2615 1253 2687 LXXXII,
1267 2613 1336 2687 CII,
1350 2615 1469 2674 CXIII.

480 2713 560 2773 Nam
584 2719 592 2744 ⁸
607 2714 638 2772 in
665 2711 811 2790 plerisque
838 2731 900 2772 non
927 2713 1023 2772 solum
1047 2731 1170 2773 numero
1194 2730 1334 2773 uersuum
1357 2730 1469 2789 aequa-

481 2809 575 2870 ‘biler
596 2819 664 2870 sunt
685 2821 793 2888 partes,
818 2810 870 2871 red
888 2811 964 2870 inter
981 2810 1035 2870 hus
1056 2812 1264 2870 sententiarum
1280 2827 1403 2888 quoque
1423 2813 1468 2869 in·

483 2911 491 2938 ⁴
506 2907 628 2966 tercedit
644 2909 815 2985 respousi03
836 2909 953 2984 quibuo
962 2909 1042 2967 enirn
1062 2910 1093 2968 iu
1113 2909 1262 2985 superiore
1275 2918 1359 2984 purte
1372 2909 1420 2968 uin
1437 2919 1469 2968 et

481 3007 489 3034 ⁴
504 3021 628 3064 acumen
641 3005 717 3064 Inest
730 3007 821 3065 uerba
834 3005 939 3065 eodem
947 3005 1051 3066 eadem
1059 3005 1120 3065 iere
1129 3024 1233 3066 uersus
1245 3005 1315 3066 sede
1325 3006 1358 3064 iu
1367 3017 1467 3082 poste·

479 3105 487 3132 ‘
503 3103 570 3160 riori
581 3113 765 3178 repetuntur:
780 3104 816 3164 ci.
828 3103 947 3162 LXX.1
963 3105 1032 3162 da'cir
1042 3105 1150 3176 adsit,
1166 3105 1245 3180 gued
1254 3103 1472 3179 malm-qma

479 3203 487 3230 ‘
501 3199 585 3268 dr'cr't,·
600 3199 738 3260 LXXIX.
748 3219 760 3259 r
772 3200 890 3261 Lesbritr
902 3208 944 3260 est
949 3202 1075 3277 pulcher,
1091 3202 1169 3276 3sed
1177 3209 1268 3260 tanen
1275 3201 1323 3259 hic
1329 3201 1466 3276 palchen·

480 3304 488 3332 ‘
502 3299 655 3360 LXXXII.
674 3319 688 3359 2
704 3299 808 3359 Lesbia
821 3319 862 3359 me
875 3302 1024 3377 dripereom
1038 3303 1098 3361 mii
1111 3307 1196 3372 amat,
1212 3319 1230 3372 4
1244 3319 1345 3359 uerunt
1358 3300 1464 3375 daiper-

481 3403 489 3430 ‘
503 3417 561 3458 eam
575 3400 635 3456 mii
644 3415 706 3456 orno
714 3418 729 3466 ,·
751 3397 834 3457 CIII.
849 3417 862 3458 1
882 3397 983 3458 Credis
996 3418 1038 3458 nte
1043 3401 1174 3475 poturise,
1190 3417 1208 3473 3
1223 3415 1277 3455 non
1283 3393 1403 3472 poteri'.’

359 3543 404 3623 (ι)
426 3543 646 3622 Epigrammata
660 3545 677 3601 6
693 3561 841 3604 uersuum

400 3663 443 3742 (a)
466 3665 502 3725 In
516 3667 661 3743 plerisque
675 3666 815 3742 postremi
829 3668 889 3726 duo
902 3684 1004 3726 uersus
1018 3667 1128 3744 priores
1142 3661 1367 3742 quodammodo
1380 3667 1462 3726 iuter·

482 3773 640 3840 pretanttu,
663 3765 825 3840 praemisso
843 3763 988 3823 interdum
1009 3763 1149 3841 particula
1172 3764 1275 3841 quales
1295 3774 1365 3823 suut
1385 3763 1463 3823 Nam

487 3857 522 3916 Vr
544 3859 647 3930 Quare.
682 3859 792 3921 LXXI.
813 3877 831 3936 5
852 3860 933 3921 Nam
952 3865 1072 3937 puotr'ens
1081 3863 1204 3940 sutra'n
1230 3861 1373 3921 LXXIII.
1394 3877 1412 3936 5
1433 3859 1467 3920 Vr

479 3955 645 4031 mihiquem
666 3977 764 4028 nemas
788 3958 925 4020 LXXIV.
941 3962 959 4018 6
977 3959 1058 4031 Quod
1074 3959 1269 4037 uolrrr'tfm't,·
1293 3958 1462 4020 LXXVIII

352 4177 360 4207 ¹
383 4173 457 4224 Omui
475 4173 607 4222 LXXXVII
626 4185 649 4223 ot
667 4177 754 4224 LXXV
771 4194 830 4240 quae
846 4193 917 4226 uuum
934 4195 964 4227 cn
981 4180 1029 4227 duo
1044 4179 1090 4226 tirrt
1107 4180 1132 4225 Iu
1148 4179 1235 4227 Incerto
1252 4188 1294 4234 αἱ,
1311 4187 1337 4226 et
1354 4177 1461 4226 LXXVII

316 4258 379 4322 quod
391 4265 418 4305 ut
430 4256 453 4302 in
471 4255 589 4303 codicibus
601 4256 683 4320 legitur
694 4273 770 4305 uersus
785 4259 856 4306 habet
871 4273 921 4316 rex,
935 4260 1070 4320 plerumque
1085 4269 1163 4307 timor
1178 4269 1202 4308 et
1213 4277 1227 4308 ι
1238 4275 1277 4307 mc
1294 4274 1348 4306 cum
1367 4269 1463 4321 quatuor

318 4341 419 4389 uersibus
431 4338 577 4401 coniungitur
588 4337 626 4399 qui
639 4339 663 4386 in
673 4339 791 4388 codicibus
801 4349 908 4389 cocuntur
919 4341 1049 4389 LXXVIII.
1056 4337 1080 4390 6.

350 4418 360 4450 ¹
377 4419 496 4476 Frcukiur,
508 4435 530 4480 p.
543 4434 566 4481 4.
