3142 5059
314 374 375 433 268
716 366 773 429 DE
797 362 1060 429 PARTITIONE

314 564 396 633 patet
408 551 626 625 emmonim
647 550 817 629 bsequium
830 550 916 611 dolor
929 549 1152 627 profundusque
1165 565 1221 609 nec
1235 546 1331 607 multa
1343 547 1469 608 effundit

315 670 372 713 nec
391 651 645 727 comparationum
668 650 757 709 utitor
778 648 909 707 artificio.
956 646 1044 707 Certe
1064 666 1120 707 uec
1141 656 1209 723 post
1229 664 1258 717 4,
1279 664 1339 705 nec
1362 648 1470 723 posta

315 750 392 809 bene
418 748 571 809 inducihu.
625 746 837 805 Vehementius
870 746 949 804 enim
978 754 1046 821 post
1072 742 1118 801 Et
1147 750 1251 801 aalma
1287 746 1470 820 κρηῆναι

315 847 472 923 alloquerer
492 846 619 916 ethereae
643 844 740 903 atatim
767 844 896 903 dicturus
924 852 986 903 erat
1009 840 1160 917 Alloquor,
1179 842 1294 899 audiero
1315 860 1470 917 mquam

314 946 366 1004 Μ
481 944 635 1019 loquatium
690 940 870 1017 Quanquam
902 958 941 999 ne
970 940 1040 999 illud
1067 939 1187 1015 quidem
1214 950 1330 998 certum
1362 939 1472 1005 haheo,

316 1041 397 1103 huuc
419 1058 538 1101 ueratrm
561 1058 626 1099 ease
650 1037 764 1098 Catulli.
815 1036 880 1097 Nec
909 1038 985 1096 bene
1012 1047 1080 1113 post
1103 1035 1154 1095 CI.
1174 1040 1192 1094 6
1215 1036 1345 1113 ponitur.
1403 1037 1473 1095 Hoc
1536 1046 1537 1111 ἦ

316 1149 363 1199 est
388 1138 468 1197 enim
494 1137 627 1215 protasio
656 1138 695 1195 ab
722 1135 847 1211 apodosi
874 1152 927 1193 sua
953 1134 1113 1193 abscidere.
1154 1132 1213 1193 er
1240 1134 1323 1192 enim
1351 1134 1473 1193 dubites

319 1234 676 1315 Quandoquadmsortano
696 1233 770 1292 archi
785 1240 834 1290 tete
852 1232 969 1290 obradit
987 1235 1075 1307 ᾣπακ
1093 1231 1124 1289 iu
1143 1230 1285 1307 priucipio
1303 1240 1396 1301 stare,
1412 1250 1473 1291 non

316 1334 348 1393 In
368 1334 448 1391 exitu
468 1332 636 1391 sententiae.
686 1329 867 1391 Persuadent
890 1329 1037 1389 boccum
1061 1329 1126 1401 alia,
1147 1340 1210 1388 tum
1231 1329 1316 1405 quod
1340 1330 1474 1388 imitator
1536 1378 1537 1395 ,

317 1426 424 1487 Catulli
437 1428 462 1486 ia
475 1428 526 1504 qui
539 1426 620 1487 Cirin
639 1428 755 1504 scripsit
772 1425 926 1486 manifeste
942 1426 1021 1487 hunc
1039 1426 1137 1486 locum
1155 1436 1222 1485 ante
1236 1426 1344 1487 oculos
1358 1426 1471 1497 habent,
1536 1420 1537 1483 j

317 1542 387 1585 cum
400 1524 473 1588 haee
487 1524 625 1585 scriberet
637 1522 766 1601 (aa-46)

481 1710 540 1773 Sed
548 1716 677 1791 quomo»
690 1716 733 1773 ad
741 1722 836 1775 mans
849 1734 922 1775 mou
931 1716 1055 1791 pram
1068 1716 1211 1773 aarum
1222 1720 1308 1783 arka,

481 1811 703 1888 Nancprimara
715 1818 820 1873 umeros
826 1814 981 1891 firnmmas
994 1812 1090 1871 robore
1103 1830 1207 1881 aeram,

482 1908 563 1968 Haec
575 1916 664 1967 tamea
677 1911 782 1968 ratem
796 1928 865 1985 quoe
873 1920 1027 1985 moramur,
1041 1912 1072 1967 ia
1084 1909 1183 1985 qubus
1195 1908 1261 1965 aeto'

481 2004 588 2063 Primo
604 2006 761 2064 rudimenta
773 2013 802 2064 et
808 2008 914 2082 promor
927 2008 1069 2083 exegthtus
1083 2024 1179 2075 amor,

482 2102 583 2179 Ampe
595 2104 666 2161 dona
679 2122 736 2162 areo
748 2104 864 2163 maltum
877 2104 997 2181 athelmo
1010 2102 1109 2163 labore.

362 2301 428 2363 tam
447 2302 540 2363 LXV.
557 2320 655 2378 19-24
670 2320 795 2362 mumne
812 2301 909 2363 locum
923 2310 1023 2361 tenent
1037 2318 1084 2371 an,
1098 2309 1130 2358 ut
1143 2297 1346 2359 Rossbachius
1361 2310 1470 2371 censet,

320 2418 360 2460 ex
373 2400 431 2459 alio
445 2412 600 2479 superaunt
619 2410 764 2477 poemate,
778 2401 860 2476 quod
876 2416 914 2458 ex
928 2396 1109 2458 Callimacho
1123 2396 1253 2457 Catullus
1270 2399 1470 2473 expresse1it?

322 2497 422 2570 Quem
435 2516 498 2558 non
511 2498 638 2559 Comam
652 2498 810 2559 Beronices
831 2498 935 2569 solum,
950 2497 1003 2557 sed
1023 2496 1105 2574 plura
1125 2496 1212 2554 etiam
1232 2512 1269 2554 ex
1285 2494 1470 2556 Callimacho

321 2594 426 2655 iatine
444 2598 622 2656 conuertisse
636 2615 674 2656 ex
688 2594 798 2656 CXVI.
815 2613 831 2652 a
848 2594 989 2655 Carmina
1009 2596 1055 2651 atr·
1070 2603 1175 2668 possem
1195 2596 1300 2651 mttere
1316 2591 1471 2651 Battiadae
1536 2616 1537 2631 Ι

321 2711 378 2753 nec
396 2696 574 2755 conuerdsse
593 2695 689 2755 solum
708 2695 761 2754 sed
779 2694 867 2754 etiam
886 2693 925 2753 ad
938 2692 1072 2754 Ortalum
1085 2692 1198 2751 misisse
1212 2710 1249 2751 ex
1268 2691 1360 2767 ipsius
1374 2691 1469 2750 LXV.

326 2792 363 2849 16
378 2791 528 2866 colligitur.
571 2790 725 2851 Praeterea
737 2792 769 2851 iu
782 2792 934 2852 codicibus
950 2790 1089 2851 omnibus
1102 2788 1204 2847 LXVI
1218 2806 1286 2848 cum
1299 2788 1385 2848 LXV
1401 2806 1470 2849 coa·

322 2886 382 2957 luit,
396 2888 427 2946 in
441 2904 500 2963 qua
512 2906 544 2947 re
557 2888 734 2965 praesidium
748 2888 950 2949 Rossbachius
963 2889 1074 2964 quaerit
1087 2887 1254 2947 morentiae.
1290 2886 1351 2946 Sed
1365 2904 1468 2963 parum

322 2984 450 3062 praesidi
476 2985 508 3043 in
533 2984 592 3045 boc
620 3003 684 3045 esse
708 2986 778 3046 inde
806 2996 927 3063 apparet
948 2986 1030 3062 quod
1052 2984 1278 3045 coalescentium
1304 2985 1469 3043 carminum

323 3081 431 3141 multae
445 3082 518 3142 aliae
532 3100 638 3143 causae
653 3085 841 3160 reperiuntur.
882 3085 942 3143 Aut
960 3084 1040 3142 enim
1059 3082 1157 3159 siquo
1175 3100 1255 3153 casu,
1274 3080 1398 3141 fortasse
1418 3100 1470 3157 per

323 3189 497 3240 uetustatem
521 3198 621 3240 erasus
644 3192 689 3240 est
712 3182 819 3253 titulus,
840 3180 1091 3259 quemadmodum
1114 3188 1181 3239 ante
1202 3178 1240 3249 X,
1263 3178 1347 3249 XVI,
1370 3178 1469 3249 XVII,

324 3278 438 3351 XXIV,
452 3278 597 3347 XXXIII,
608 3276 782 3348 XXXVIII,
794 3276 1048 3346 XLI—XLVIII,
1059 3274 1237 3347 LIII—LV,
1249 3274 1345 3346 LVII,
1357 3274 1468 3347 LVIII,

325 3376 391 3449 LX,
405 3388 434 3436 et
453 3378 591 3455 pleraque
617 3386 684 3454 poat
704 3373 814 3446 LXIX,
835 3384 884 3434 aut
904 3374 1039 3435 consulto
1059 3374 1185 3433 omissus
1204 3383 1257 3443 est,
1278 3390 1347 3431 cum
1369 3372 1468 3432 LXVI

324 3474 409 3551 quasi
429 3492 497 3551 pars
518 3476 602 3534 fuerit
619 3474 759 3551 epistulae
778 3474 816 3533 ad
831 3472 973 3543 Ortalum,
988 3482 1017 3530 et
1036 3490 1104 3531 cum
1122 3488 1159 3529 ea
1175 3472 1281 3547 pariter
1299 3470 1468 3541 cohaeserit,

325 3590 361 3632 ac
374 3573 504 3631 oarmIna
517 3571 558 3644 11,
573 3572 630 3644 III,
644 3590 720 3649 quae
738 3580 860 3648 utraque
874 3570 912 3629 de
925 3568 1047 3629 Passere
1061 3579 1129 3629 sunt
1142 3568 1274 3627 Lesbiae.
1311 3566 1407 3627 LXV.
1425 3572 1468 3638 1⁶,

324 3668 468 3728 CXVI.a
489 3670 550 3729 iure
569 3670 742 3747 ecquidem
762 3668 801 3729 ad
822 3668 878 3727 alia
897 3668 1059 3727 reseruntur
1079 3666 1208 3725 cumina
1229 3684 1304 3743 quae
1325 3683 1364 3725 ex
1385 3665 1468 3726 Calli·

325 3762 434 3823 macho
467 3766 610 3841 expressit
636 3764 775 3837 Catullus,
803 3764 855 3824 sed
888 3765 963 3825 haec
997 3764 1036 3823 ad
1069 3762 1163 3823 LXV.
1191 3781 1289 3839 19-24
1317 3764 1468 3841 pertinere,

326 3859 462 3937 quamuh
480 3876 543 3919 non
564 3862 687 3940 omnino
707 3862 848 3939 negarim,
862 3879 1034 3938 persuasum
1053 3880 1115 3921 non
1134 3860 1240 3920 habeo.
1281 3860 1372 3919 Amat
1393 3862 1468 3920 enim

322 3956 458 4017 Catnlhrs
485 3958 719 4033 comparationes
746 3960 777 4018 in
805 3959 863 4018 fine
891 3960 1062 4021 carminum.
1115 3957 1164 4019 Sic
1191 3957 1261 4018 fecit
1286 3956 1340 4017 XI.
1362 3976 1469 4031 20-24,

327 4051 425 4114 XVII.
442 4056 489 4126 26,
517 4054 617 4113 XXII.
638 4074 685 4128 at,
713 4056 810 4115 XXV.
828 4074 874 4129 ra,
892 4074 938 4131 13,
967 4055 1107 4117 XLVIII.
1129 4070 1158 4131 5,
1178 4058 1206 4127 6,
1234 4054 1358 4115 fortasse
1386 4056 1467 4115 etiam

327 4153 369 4213 II.
387 4170 493 4227 1¹·13·
535 4152 602 4212 Nec
618 4170 700 4250 ¹uero
728 4172 797 4213 cum
820 4152 948 4214 Frankio
975 4154 1225 4231 comparationem
1251 4169 1290 4211 ex
1317 4152 1468 4211 iuuentutis

327 4261 409 4311 aestu
430 4252 629 4311 excusandam
650 4252 789 4324 direrim3
811 4270 881 4311 nam
901 4261 930 4311 et
951 4252 1094 4328 exquisita
1113 4260 1159 4311 est
1177 4262 1205 4309 et
1224 4250 1367 4309 Imitatore
1384 4250 1468 4326 digna

328 4348 601 4411 Alexandrinorum.
644 4350 691 4411 Ci.
705 4349 818 4412 Theoc.
833 4349 888 4409 111.
902 4365 949 4425 53,
964 4349 1017 4409 IX.
1031 4353 1140 4425 33-36,
1155 4348 1208 4407 XI.
1221 4352 1269 4418 81,
1284 4347 1352 4407 XII.
1367 4350 1414 4423 36,
1426 4364 1450 4421 7.
