3142 5059
290 398 328 455 xii
677 390 1038 455 PROLEGOMENA.

288 578 339 639 ubi
352 578 441 655 legit?
463 588 494 637 ut
508 578 605 649 credo,
621 576 780 639 Veronae¹.
825 578 884 638 Hic
905 578 984 637 enim
1001 576 1148 637 Catullum
1167 592 1266 634 rursus
1286 574 1317 631 in
1336 572 1433 631 lucem

288 678 440 753 prodiisse,
455 696 517 737 non
531 678 626 736 solum
640 697 676 737 ex
691 678 805 737 Colucii
819 679 908 737 literis
920 678 982 737 ueri
996 676 1089 736 simile
1102 686 1155 745 est,
1169 674 1223 733 sed
1241 675 1272 732 in
1288 672 1433 749 epigram-

289 785 366 834 mate
381 777 486 835 diserte
500 776 645 835 traditum.
686 776 740 835 Est
753 788 853 836 autem
865 775 932 835 hoc.

337 872 436 931 Vernes
450 874 724 933 domeuiBemeenuti
737 877 768 933 de
784 876 974 950 Campexami
991 874 1022 930 de
1044 872 1166 930 Viceneia
1186 872 1218 929 de
1237 869 1436 928 resurrectione

291 970 402 1030 Catulli
404 979 500 1048 poetae
520 971 687 1032 Veronensis.

491 1086 672 1163 Adpatreizm
687 1090 763 1146 uenio
777 1088 866 1164 longis
879 1088 910 1145 de
915 1086 1026 1164 fim‘dus
1038 1086 1115 1156 exul,

534 1186 630 1246 Causa
643 1190 698 1245 mei
708 1187 813 1244 reditus
826 1185 1078 1262 compatrebtasuit.

491 1282 602 1343 Scilicet
613 1304 631 1342 a
646 1286 761 1343 calamis
774 1285 875 1343 tritus
885 1288 934 1343 cui
943 1283 1071 1342 Francia
1084 1302 1186 1352 meten,

535 1382 641 1459 Quique
654 1391 730 1442 notat
741 1384 839 1442 turbae
845 1384 1048 1459 praetereuntes
1061 1385 1120 1440 iter.

494 1480 552 1552 Quo
566 1482 627 1540 licet
638 1484 745 1558 ingemo
759 1489 880 1539 uestrum
894 1482 1020 1539 celebrate
1035 1478 1186 1550 Catullum,

535 1579 625 1640 Curiis
638 1582 687 1639 sub
701 1582 788 1639 mode'o
800 1581 896 1638 clausa
904 1590 1031 1655 papirus
1043 1585 1111 1636 erat.

330 1700 463 1760 Titulum
477 1720 544 1761 cum
558 1704 689 1763 uersibus
705 1704 781 1775 dedi,
797 1703 897 1781 quales
911 1702 1046 1779 leguntur
1059 1702 1090 1760 in
1107 1702 1164 1759 fine
1182 1699 1292 1760 codicis
1309 1698 1434 1774 Sanger·

289 1802 438 1860 manensis
466 1802 658 1878 antiquissimi
685 1822 786 1862 eorum
810 1804 860 1879 qui
883 1821 962 1861 nunc
986 1812 1109 1873 exstant,
1132 1811 1266 1859 exaratus
1290 1809 1334 1858 est
1355 1798 1436 1856 enim

289 1916 369 1957 anno
383 1913 470 1973 1375.
513 1900 702 1959 Benuenutus
717 1902 753 1960 de
769 1899 954 1977 Campesani,
969 1900 1043 1958 inter
1057 1899 1192 1959 satellites
1206 1897 1296 1957 Canis
1307 1895 1435 1955 Grandis

288 1996 383 2073 primi,
405 1996 550 2056 familiaris
571 2008 668 2057 autem
688 1997 825 2057 Guilelmi
846 1998 1033 2074 Pastrengici,
1055 2016 1073 2056 a
1092 2016 1152 2074 quo
1174 1996 1277 2055 dicitur
1297 2006 1386 2071 poeta
1406 2004 1436 2052 et

290 2096 385 2155 scriba
410 2097 555 2167 mirabilis,
576 2096 726 2157 heroicum
750 2115 868 2156 carmen
888 2097 1054 2156 Vicentiam
1079 2115 1097 2155 a
1116 2096 1264 2155 Patauinis
1286 2094 1436 2153 liberatam

289 2194 469 2271 conscripsit,
486 2195 567 2254 cuius
581 2194 776 2271 fragmentum
796 2207 928 2273 superest
947 2194 1025 2271 apud
1039 2190 1259 2270 Pagliarinum².
1299 2191 1436 2250 Mortuus

290 2302 335 2351 est
349 2310 428 2352 anno
450 2312 526 2369 1323
541 2304 572 2353 ut
586 2313 604 2353 a
618 2295 746 2354 carnum
761 2294 926 2371 intelligitur
940 2293 1057 2364 Ferreti,
1072 2295 1122 2369 qui
1140 2304 1170 2352 et
1187 2293 1250 2369 ipse
1263 2290 1436 2349 vicentinus

291 2401 320 2449 et
333 2402 422 2468 poeta
436 2388 521 2451 erat³.

333 2489 435 2565 Itaque
457 2491 480 2549 si
501 2491 681 2566 epigramma
695 2509 763 2549 uere
782 2500 827 2549 est
847 2488 1033 2568 Campesani,
1052 2487 1157 2549 Catulli
1176 2488 1248 2547 liber
1269 2496 1336 2545 ante
1355 2486 1437 2545 huuc

292 2602 401 2644 annum
421 2586 555 2647 inuentus
574 2597 625 2647 est.
669 2586 830 2647 Meinertus
843 2588 961 2665 quidem
981 2598 1048 2647 ante
1065 2606 1142 2661 1314
1157 2587 1308 2645 inuentum
1329 2586 1436 2644 existu-

292 2684 401 2742 mabat.
442 2685 489 2743 Eo
514 2686 592 2743 enim
617 2704 695 2743 anno
720 2685 870 2744 Mussatus
894 2687 924 2744 in
946 2686 1049 2762 Elegia
1070 2703 1129 2763 qua
1151 2684 1258 2761 gratias
1278 2684 1339 2759 egit
1358 2684 1436 2742 Aca·

292 2781 405 2840 deniae
420 2781 626 2843 Patauinorum
640 2784 721 2860 quod
735 2802 767 2842 se
782 2784 881 2843 laurea
894 2795 1071 2857 coronasset,
1085 2785 1159 2843 haec
1172 2783 1244 2843 duit

325 2998 332 3027 ¹
350 3001 456 3048 Petrarca
465 2999 570 3047 Veronae
581 3014 648 3059 saepe
659 3000 853 3053 commorabatur,
864 3007 888 3073 qt
899 2998 930 3046 ibi
942 3000 1059 3047 Ciceronis
1067 3000 1180 3061 Epistulae
1190 2998 1277 3047 muenit
1289 3014 1351 3046 anno
1362 3010 1434 3062 1345.

325 3080 336 3109 ⁸
556 3082 680 3129 Caesareas
691 3081 783 3144 murias
793 3082 946 3145 Angustaque
955 3082 1024 3145 tigna
1035 3092 1136 3129 mum

554 3162 675 3225 Scaligera
685 3163 791 3226 degente
802 3164 895 3219 Canem,
906 3164 1032 3226 mtiaeaque
1042 3164 1153 3226 triumphi

556 3246 671 3291 Veronam
681 3254 703 3291 et
710 3244 791 3306 pulsos
801 3246 881 3292 seruili
891 3260 919 3293 ex
929 3244 985 3291 urbe
995 3254 1112 3303 tyrannos,

554 3327 650 3390 Exigua
661 3326 763 3373 truisibo
774 3326 842 3386 iyra,=
859 3328 915 3374 neibi
925 3327 1009 3373 eaeiiea
1021 3328 1096 3374 uirtus

553 3410 654 3470 Aspiret.
663 3410 799 3471 patriaeque
809 3410 878 3456 datas
888 3418 1004 3455 commu
1013 3410 1119 3456 habenae

554 3494 608 3538 Iam
612 3493 690 3553 fauor
700 3494 791 3553 imperii
804 3494 896 3539 Verona
903 3492 1031 3553 puerilibus
1041 3495 1115 3539 armis

554 3575 652 3621 Exierat
660 3583 795 3637 portentque
806 3575 877 3621 Oanis
887 3583 1036 3636 supnauerat
1046 3574 1128 3622 aituem

327 3664 338 3695 ⁸
362 3667 446 3714 Ferreti
467 3666 592 3729 (Muratori
614 3666 668 3712 Rer.
686 3665 737 3713 ital.
756 3665 797 3714 tx.
814 3680 837 3727 p.
851 3663 926 3727 1165)
944 3666 1044 3727 quinque
1063 3666 1164 3713 carmina
1183 3674 1236 3713 suut
1255 3667 1284 3713 de
1302 3665 1439 3726 Campenni

295 3758 379 3805 morte,
390 3750 488 3809 primum
500 3748 597 3812 longius,
609 3755 682 3794 cetera
695 3748 808 3795 breuiora.
843 3748 977 3795 Breuiorum
993 3748 1017 3794 in
1031 3749 1100 3795 tertio
1115 3748 1173 3795 inec
1189 3748 1265 3796 scribit
1277 3747 1345 3796 Mtte
1354 3757 1440 3795 treen-

295 3831 352 3879 tenia
367 3832 437 3878 decies
449 3830 610 3894 geretieauerat
623 3844 710 3875 arnum
724 3829 821 3877 Tenus.
855 3830 882 3876 ln
898 3830 973 3891 primo
989 3838 1070 3891 poetas
1086 3840 1212 3885 enumera,
1223 3830 1338 3885 succum,
1348 3839 1440 3891 patrem

298 3915 432 3961 Maeonium
453 3914 534 3959 ducem
554 3912 658 3959 camrinis
678 3911 727 3967 alti,
747 3913 873 3971 Lamnum,
893 3912 999 3966 Statium,
1017 3912 1143 3969 Ouidium
1163 3914 1191 3959 de
1209 3914 1302 3961 Catullo
1320 3912 1440 3973 Propertio

297 3995 391 4044 Tibullo
408 3996 464 4042 nihil
481 3996 543 4041 dicit.
577 3995 641 4041 idem
658 3993 719 4041 aliud
736 4008 819 4055 poema
836 3996 865 4042 de
881 3996 1103 4056 morteCarupeaani
1119 3996 1289 4042 adMuasetum
1300 3994 1439 4041 Patauinum
1537 3986 1541 3991 ’

300 4081 393 4142 scripsit,
406 4090 429 4127 et
441 4088 539 4141 quatuor
551 4080 619 4125 libros
634 4078 820 4126 hexametrorum
835 4079 864 4125 de
875 4080 944 4126 Canis
956 4080 1055 4126 Grandis
1072 4080 1138 4126 rebus
1154 4080 1231 4143 gestie,
1243 4080 1266 4126 iu
1278 4079 1359 4140 quibus
1370 4080 1440 4126 Clau·

296 4164 390 4209 diauum
409 4162 445 4208 uei
464 4161 562 4207 Statium
581 4160 681 4207 imitatus
698 4169 740 4216 est,
758 4163 786 4207 de
804 4161 897 4208 Catullo
913 4162 970 4208 nihil
986 4162 1064 4210 habet.
1097 4162 1141 4209 Sed
1156 4162 1219 4209 haud
1236 4162 1284 4208 ecio
1300 4176 1329 4207 an
1345 4175 1393 4206 non
1410 4160 1440 4205 ad

297 4246 420 4293 Catulliani
432 4243 577 4305 Epithalamii
596 4242 665 4289 finem
682 4252 783 4303 spectent
800 4245 870 4290 uerba
886 4244 997 4291 orationis
1012 4245 1036 4291 in
1048 4245 1132 4291 Ferreti
1149 4245 1233 4306 nuptiis
1249 4244 1351 4290 habitae.
1387 4241 1441 4289 Has

294 4328 371 4390 itaque
387 4326 478 4388 nuptias
499 4324 596 4387 undique
615 4325 697 4370 &cora
714 4324 830 4372 nobilitate
839 4326 959 4389 fulgentes
975 4342 1062 4373 nucum
1078 4326 1185 4374 celebrate
1196 4326 1305 4387 sarantes
1320 4340 1349 4372 ae
1364 4325 1440 4371 Deum

293 4410 382 4471 pariter
391 4418 509 4471 precanter
521 4418 545 4455 ut
559 4444 564 4456 .
577 4444 582 4454 .
596 4442 601 4455 .
615 4442 620 4453 .
626 4406 704 4467 saciat
715 4424 742 4455 ee
753 4408 795 4457 boe
806 4409 916 4456 emnubio
927 4410 990 4456 nasci
1001 4410 1090 4471 prolem
1104 4409 1150 4456 setis
1164 4408 1296 4456 ciariuineis
1308 4407 1441 4470 progenue-

297 4493 358 4540 ribus
371 4493 472 4541 similem.
