<?xml version="1.0" encoding="UTF-8"?>
<!DOCTYPE html PUBLIC "-//W3C//DTD XHTML 1.0 Transitional//EN"
    "http://www.w3.org/TR/xhtml1/DTD/xhtml1-transitional.dtd">
<html xmlns="http://www.w3.org/1999/xhtml" xml:lang="en" lang="en">
 <head>
  <title>
</title>
<meta http-equiv="Content-Type" content="text/html;charset=utf-8" />
  <meta name='ocr-system' content='tesseract 3.04.00' />
  <meta name='ocr-capabilities' content='ocr_page ocr_carea ocr_par ocr_line ocrx_word'/>
</head>
<body>
  <div class='ocr_page' id='page_1' title='image "./catulliveronens01elligoog_0295.png"; bbox 0 0 3142 5059; ppageno 0'>
   <div class='ocr_carea' id='block_1_1' title="bbox 463 389 1257 450">
    <p class='ocr_par' dir='ltr' id='par_1_1' title="bbox 463 389 1257 450">
     <span class='ocr_line' id='line_1_1' title="bbox 463 389 1257 450; baseline -0.006 -1"><span class='ocrx_word' id='word_1_1' title='bbox 463 389 693 450; x_wconf 86' lang='lat' dir='ltr'>CARMINVM</span> <span class='ocrx_word' id='word_1_2' title='bbox 723 389 912 448; x_wconf 85' lang='lat' dir='ltr'>CATVLLI.</span> <span class='ocrx_word' id='word_1_3' title='bbox 1199 391 1257 446; x_wconf 80' lang='lat'>281</span> 
     </span>
    </p>
   </div>
   <div class='ocr_carea' id='block_1_2' title="bbox 273 568 1261 1232">
    <p class='ocr_par' dir='ltr' id='par_1_2' title="bbox 273 568 1261 1232">
     <span class='ocr_line' id='line_1_2' title="bbox 274 568 1261 647; baseline -0.002 -19"><span class='ocrx_word' id='word_1_4' title='bbox 274 570 304 628; x_wconf 91' lang='lat' dir='ltr'>in</span> <span class='ocrx_word' id='word_1_5' title='bbox 318 569 420 630; x_wconf 85' lang='lat' dir='ltr'>ultImo</span> <span class='ocrx_word' id='word_1_6' title='bbox 440 589 526 631; x_wconf 91' lang='lat' dir='ltr'>uersu</span> <span class='ocrx_word' id='word_1_7' title='bbox 540 571 652 646; x_wconf 88' lang='lat' dir='ltr'>legatur</span> <span class='ocrx_word' id='word_1_8' title='bbox 665 572 696 631; x_wconf 93' lang='lat' dir='ltr'>id</span> <span class='ocrx_word' id='word_1_9' title='bbox 713 571 795 647; x_wconf 93' lang='lat' dir='ltr'>quod</span> <span class='ocrx_word' id='word_1_10' title='bbox 808 571 941 630; x_wconf 86' lang='lat' dir='ltr'>ultimum</span> <span class='ocrx_word' id='word_1_11' title='bbox 958 580 1003 628; x_wconf 90' lang='lat' dir='ltr'>est</span> <span class='ocrx_word' id='word_1_12' title='bbox 1017 568 1085 627; x_wconf 85' lang='lat' dir='ltr'>Non</span> <span class='ocrx_word' id='word_1_13' title='bbox 1103 572 1133 630; x_wconf 82' lang='lat' dir='ltr'>sr&#39;</span> <span class='ocrx_word' id='word_1_14' title='bbox 1147 570 1261 627; x_wconf 73' lang='lat' dir='ltr'>demtiso</span> 
     </span>
     <span class='ocr_line' id='line_1_3' title="bbox 273 668 1260 747; baseline 0.005 -20"><span class='ocrx_word' id='word_1_15' title='bbox 273 689 302 728; x_wconf 83' lang='lat' dir='ltr'>se</span> <span class='ocrx_word' id='word_1_16' title='bbox 321 673 376 746; x_wconf 68' lang='lat' dir='ltr'>ipse</span> <span class='ocrx_word' id='word_1_17' title='bbox 395 679 473 730; x_wconf 77' lang='lat' dir='ltr'>uere!</span> <span class='ocrx_word' id='word_1_18' title='bbox 490 675 576 747; x_wconf 77' lang='lat' dir='ltr'>capite</span> <span class='ocrx_word' id='word_1_19' title='bbox 583 691 598 738; x_wconf 87' lang='lat'>,·</span> <span class='ocrx_word' id='word_1_20' title='bbox 626 673 708 747; x_wconf 92' lang='lat' dir='ltr'>quod</span> <span class='ocrx_word' id='word_1_21' title='bbox 728 671 807 730; x_wconf 91' lang='lat' dir='ltr'>idem</span> <span class='ocrx_word' id='word_1_22' title='bbox 828 670 906 730; x_wconf 88' lang='lat' dir='ltr'>cadit</span> <span class='ocrx_word' id='word_1_23' title='bbox 926 671 957 728; x_wconf 87' lang='lat' dir='ltr'>iu</span> <span class='ocrx_word' id='word_1_24' title='bbox 974 668 1115 728; x_wconf 89' lang='lat' dir='ltr'>XCVIII.</span> <span class='ocrx_word' id='word_1_25' title='bbox 1131 670 1149 726; x_wconf 86' lang='lat'>6</span> <span class='ocrx_word' id='word_1_26' title='bbox 1170 686 1260 744; x_wconf 79' lang='lat' dir='ltr'>quem</span> 
     </span>
     <span class='ocr_line' id='line_1_4' title="bbox 274 767 1259 845; baseline -0.002 -19"><span class='ocrx_word' id='word_1_27' title='bbox 274 786 391 828; x_wconf 89' lang='lat' dir='ltr'>uersum</span> <span class='ocrx_word' id='word_1_28' title='bbox 417 769 574 845; x_wconf 84' lang='lat' dir='ltr'>aliquando</span> <span class='ocrx_word' id='word_1_29' title='bbox 598 780 731 845; x_wconf 89' lang='lat' dir='ltr'>putaram</span> <span class='ocrx_word' id='word_1_30' title='bbox 760 786 828 828; x_wconf 91' lang='lat' dir='ltr'>cum</span> <span class='ocrx_word' id='word_1_31' title='bbox 853 767 898 826; x_wconf 85' lang='lat' dir='ltr'>his</span> <span class='ocrx_word' id='word_1_32' title='bbox 923 767 1163 842; x_wconf 89' lang='lat' dir='ltr'>coniungendum</span> <span class='ocrx_word' id='word_1_33' title='bbox 1185 783 1259 825; x_wconf 86' lang='lat' dir='ltr'>esse.</span> 
     </span>
     <span class='ocr_line' id='line_1_5' title="bbox 274 863 1260 942; baseline -0.002 -19"><span class='ocrx_word' id='word_1_34' title='bbox 274 863 345 925; x_wconf 88' lang='lat' dir='ltr'><strong>Post</strong></span> <span class='ocrx_word' id='word_1_35' title='bbox 360 865 440 925; x_wconf 91' lang='lat' dir='ltr'>XCI.</span> <span class='ocrx_word' id='word_1_36' title='bbox 456 886 493 925; x_wconf 89' lang='lat' dir='ltr'>ro</span> <span class='ocrx_word' id='word_1_37' title='bbox 513 885 565 926; x_wconf 89' lang='lat' dir='ltr'>eos</span> <span class='ocrx_word' id='word_1_38' title='bbox 586 867 684 942; x_wconf 86' lang='lat' dir='ltr'><strong>posuit</strong></span> <span class='ocrx_word' id='word_1_39' title='bbox 705 865 891 926; x_wconf 88' lang='lat' dir='ltr'>Conradinus</span> <span class='ocrx_word' id='word_1_40' title='bbox 912 865 949 924; x_wconf 93' lang='lat' dir='ltr'>de</span> <span class='ocrx_word' id='word_1_41' title='bbox 969 865 1062 936; x_wconf 81' lang='lat' dir='ltr'>Alli03</span> <span class='ocrx_word' id='word_1_42' title='bbox 1091 881 1153 924; x_wconf 89' lang='lat' dir='ltr'>uon</span> <span class='ocrx_word' id='word_1_43' title='bbox 1173 863 1260 934; x_wconf 90' lang='lat' dir='ltr'>male,</span> 
     </span>
     <span class='ocr_line' id='line_1_6' title="bbox 274 960 1259 1040; baseline -0.003 -18"><span class='ocrx_word' id='word_1_44' title='bbox 274 963 327 1022; x_wconf 85' lang='lat' dir='ltr'>sed</span> <span class='ocrx_word' id='word_1_45' title='bbox 347 982 384 1022; x_wconf 91' lang='lat' dir='ltr'>ne</span> <span class='ocrx_word' id='word_1_46' title='bbox 405 963 453 1024; x_wconf 91' lang='lat' dir='ltr'>hic</span> <span class='ocrx_word' id='word_1_47' title='bbox 475 964 592 1040; x_wconf 89' lang='lat' dir='ltr'>quidem</span> <span class='ocrx_word' id='word_1_48' title='bbox 614 964 683 1024; x_wconf 88' lang='lat' dir='ltr'>satis</span> <span class='ocrx_word' id='word_1_49' title='bbox 704 963 898 1040; x_wconf 87' lang='lat' dir='ltr'>probabiliter,</span> <span class='ocrx_word' id='word_1_50' title='bbox 915 980 964 1020; x_wconf 89' lang='lat' dir='ltr'>me</span> <span class='ocrx_word' id='word_1_51' title='bbox 984 962 1088 1022; x_wconf 88' lang='lat' dir='ltr'>iudice.</span> <span class='ocrx_word' id='word_1_52' title='bbox 1129 960 1259 1022; x_wconf 87' lang='lat' dir='ltr'>Carmen</span> 
     </span>
     <span class='ocr_line' id='line_1_7' title="bbox 274 1057 1260 1134; baseline 0 -18"><span class='ocrx_word' id='word_1_53' title='bbox 274 1059 354 1117; x_wconf 90' lang='lat' dir='ltr'>enim</span> <span class='ocrx_word' id='word_1_54' title='bbox 374 1062 399 1119; x_wconf 90' lang='lat' dir='ltr'>si</span> <span class='ocrx_word' id='word_1_55' title='bbox 419 1061 456 1120; x_wconf 91' lang='lat' dir='ltr'>de</span> <span class='ocrx_word' id='word_1_56' title='bbox 475 1061 581 1120; x_wconf 91' lang='lat' dir='ltr'>eodem</span> <span class='ocrx_word' id='word_1_57' title='bbox 597 1061 692 1121; x_wconf 89' lang='lat' dir='ltr'>Gellio</span> <span class='ocrx_word' id='word_1_58' title='bbox 707 1071 751 1120; x_wconf 91' lang='lat' dir='ltr'>est</span> <span class='ocrx_word' id='word_1_59' title='bbox 765 1062 848 1120; x_wconf 92' lang='lat' dir='ltr'>cuius</span> <span class='ocrx_word' id='word_1_60' title='bbox 861 1060 943 1118; x_wconf 91' lang='lat' dir='ltr'>labra</span> <span class='ocrx_word' id='word_1_61' title='bbox 956 1058 1142 1134; x_wconf 80' lang='lat' dir='ltr'>spurcissIma</span> <span class='ocrx_word' id='word_1_62' title='bbox 1156 1057 1215 1118; x_wconf 86' lang='lat' dir='ltr'>iam</span> <span class='ocrx_word' id='word_1_63' title='bbox 1229 1057 1260 1116; x_wconf 90' lang='lat' dir='ltr'>iu</span> 
     </span>
     <span class='ocr_line' id='line_1_8' title="bbox 275 1155 1198 1232; baseline -0.003 -16"><span class='ocrx_word' id='word_1_64' title='bbox 275 1173 300 1216; x_wconf 90' lang='lat' dir='ltr'>c.</span> <span class='ocrx_word' id='word_1_65' title='bbox 315 1156 430 1218; x_wconf 86' lang='lat' dir='ltr'>LXXX</span> <span class='ocrx_word' id='word_1_66' title='bbox 444 1168 543 1218; x_wconf 89' lang='lat' dir='ltr'>notata</span> <span class='ocrx_word' id='word_1_67' title='bbox 556 1168 632 1228; x_wconf 86' lang='lat' dir='ltr'>sunt,</span> <span class='ocrx_word' id='word_1_68' title='bbox 647 1158 751 1218; x_wconf 88' lang='lat' dir='ltr'>melius</span> <span class='ocrx_word' id='word_1_69' title='bbox 766 1158 855 1217; x_wconf 87' lang='lat' dir='ltr'>finem</span> <span class='ocrx_word' id='word_1_70' title='bbox 869 1157 947 1232; x_wconf 81' lang='lat' dir='ltr'>capit</span> <span class='ocrx_word' id='word_1_71' title='bbox 960 1157 991 1216; x_wconf 85' lang='lat' dir='ltr'>in</span> <span class='ocrx_word' id='word_1_72' title='bbox 1004 1155 1129 1216; x_wconf 82' lang='lat' dir='ltr'>dIsticho</span> <span class='ocrx_word' id='word_1_73' title='bbox 1142 1172 1198 1216; x_wconf 86' lang='lat' dir='ltr'>suo</span> 
     </span>
    </p>
   </div>
   <div class='ocr_carea' id='block_1_3' title="bbox 338 1295 1104 1470">
    <p class='ocr_par' dir='ltr' id='par_1_3' title="bbox 338 1295 1104 1470">
     <span class='ocr_line' id='line_1_9' title="bbox 338 1295 1104 1371; baseline 0 -18"><span class='ocrx_word' id='word_1_74' title='bbox 338 1295 383 1354; x_wconf 86' lang='lat' dir='ltr'>Tu</span> <span class='ocrx_word' id='word_1_75' title='bbox 395 1299 465 1356; x_wconf 80' lang='lat' dir='ltr'>satis</span> <span class='ocrx_word' id='word_1_76' title='bbox 479 1298 511 1355; x_wconf 79' lang='lat' dir='ltr'>id</span> <span class='ocrx_word' id='word_1_77' title='bbox 521 1300 629 1364; x_wconf 70' lang='lat' dir='ltr'>dreab&#39;,·</span> <span class='ocrx_word' id='word_1_78' title='bbox 652 1303 759 1355; x_wconf 78' lang='lat' dir='ltr'>tantum</span> <span class='ocrx_word' id='word_1_79' title='bbox 773 1296 969 1371; x_wconf 66' lang='lat' dir='ltr'>tietgaudum</span> <span class='ocrx_word' id='word_1_80' title='bbox 983 1297 1015 1354; x_wconf 81' lang='lat' dir='ltr'>in</span> <span class='ocrx_word' id='word_1_81' title='bbox 1027 1297 1104 1353; x_wconf 80' lang='lat' dir='ltr'>omni</span> 
     </span>
     <span class='ocr_line' id='line_1_10' title="bbox 377 1393 1037 1470; baseline -0.002 -17"><span class='ocrx_word' id='word_1_82' title='bbox 377 1393 468 1469; x_wconf 81' lang='lat' dir='ltr'>Culpa</span> <span class='ocrx_word' id='word_1_83' title='bbox 482 1403 521 1453; x_wconf 81' lang='lat' dir='ltr'>est</span> <span class='ocrx_word' id='word_1_84' title='bbox 533 1398 563 1452; x_wconf 80' lang='lat' dir='ltr'>r&#39;n</span> <span class='ocrx_word' id='word_1_85' title='bbox 576 1414 735 1470; x_wconf 81' lang='lat' dir='ltr'>quacunque</span> <span class='ocrx_word' id='word_1_86' title='bbox 747 1401 789 1452; x_wconf 78' lang='lat' dir='ltr'>est</span> <span class='ocrx_word' id='word_1_87' title='bbox 799 1394 910 1469; x_wconf 63' lang='lat' dir='ltr'>aliquid</span> <span class='ocrx_word' id='word_1_88' title='bbox 919 1394 1037 1452; x_wconf 77' lang='lat' dir='ltr'>sceleris.</span> 
     </span>
    </p>
   </div>
   <div class='ocr_carea' id='block_1_4' title="bbox 274 1541 1356 2496">
    <p class='ocr_par' dir='ltr' id='par_1_4' title="bbox 274 1541 1356 2496">
     <span class='ocr_line' id='line_1_11' title="bbox 274 1541 1261 1619; baseline -0.001 -19"><span class='ocrx_word' id='word_1_89' title='bbox 274 1541 355 1616; x_wconf 91' lang='lat' dir='ltr'>quod</span> <span class='ocrx_word' id='word_1_90' title='bbox 377 1551 409 1600; x_wconf 93' lang='lat' dir='ltr'>ut</span> <span class='ocrx_word' id='word_1_91' title='bbox 431 1543 563 1601; x_wconf 90' lang='lat' dir='ltr'>uersibus</span> <span class='ocrx_word' id='word_1_92' title='bbox 582 1541 674 1602; x_wconf 91' lang='lat' dir='ltr'>XCV.</span> <span class='ocrx_word' id='word_1_93' title='bbox 690 1561 719 1616; x_wconf 84' lang='lat'>9,</span> <span class='ocrx_word' id='word_1_94' title='bbox 733 1561 779 1612; x_wconf 91' lang='lat' dir='ltr'>ro,</span> <span class='ocrx_word' id='word_1_95' title='bbox 799 1543 838 1600; x_wconf 85' lang='lat' dir='ltr'>ita</span> <span class='ocrx_word' id='word_1_96' title='bbox 859 1542 1080 1619; x_wconf 86' lang='lat' dir='ltr'>quodammodo</span> <span class='ocrx_word' id='word_1_97' title='bbox 1101 1541 1194 1600; x_wconf 89' lang='lat' dir='ltr'>simile</span> <span class='ocrx_word' id='word_1_98' title='bbox 1215 1551 1261 1600; x_wconf 90' lang='lat' dir='ltr'>est</span> 
     </span>
     <span class='ocr_line' id='line_1_12' title="bbox 274 1637 1260 1717; baseline 0.002 -21"><span class='ocrx_word' id='word_1_99' title='bbox 274 1637 328 1696; x_wconf 86' lang='lat' dir='ltr'>iliis</span> <span class='ocrx_word' id='word_1_100' title='bbox 362 1639 468 1716; x_wconf 87' lang='lat' dir='ltr'>quibus</span> <span class='ocrx_word' id='word_1_101' title='bbox 504 1639 696 1700; x_wconf 88' lang='lat' dir='ltr'>LXXXVIII</span> <span class='ocrx_word' id='word_1_102' title='bbox 736 1639 847 1709; x_wconf 87' lang='lat' dir='ltr'>clausit,</span> <span class='ocrx_word' id='word_1_103' title='bbox 881 1649 911 1698; x_wconf 94' lang='lat' dir='ltr'>et</span> <span class='ocrx_word' id='word_1_104' title='bbox 948 1641 1054 1717; x_wconf 84' lang='lat' dir='ltr'>quibus</span> <span class='ocrx_word' id='word_1_105' title='bbox 1089 1638 1260 1698; x_wconf 90' lang='lat' dir='ltr'>LXXXIX.</span> 
     </span>
     <span class='ocr_line' id='line_1_13' title="bbox 276 1733 1259 1812; baseline 0 -18"><span class='ocrx_word' id='word_1_106' title='bbox 276 1733 379 1794; x_wconf 85' lang='lat' dir='ltr'>Restat</span> <span class='ocrx_word' id='word_1_107' title='bbox 392 1744 424 1794; x_wconf 91' lang='lat' dir='ltr'>ut</span> <span class='ocrx_word' id='word_1_108' title='bbox 438 1746 487 1796; x_wconf 87' lang='lat' dir='ltr'>aut</span> <span class='ocrx_word' id='word_1_109' title='bbox 500 1744 569 1812; x_wconf 87' lang='lat' dir='ltr'>post</span> <span class='ocrx_word' id='word_1_110' title='bbox 583 1735 736 1796; x_wconf 93' lang='lat' dir='ltr'>LXXVII.</span> <span class='ocrx_word' id='word_1_111' title='bbox 752 1738 770 1794; x_wconf 88' lang='lat'>6</span> <span class='ocrx_word' id='word_1_112' title='bbox 785 1736 926 1812; x_wconf 84' lang='lat' dir='ltr'>seriptum</span> <span class='ocrx_word' id='word_1_113' title='bbox 939 1737 985 1806; x_wconf 88' lang='lat' dir='ltr'>sit,</span> <span class='ocrx_word' id='word_1_114' title='bbox 999 1746 1049 1795; x_wconf 88' lang='lat' dir='ltr'>aut</span> <span class='ocrx_word' id='word_1_115' title='bbox 1062 1735 1259 1811; x_wconf 76' lang='lat' dir='ltr'>fragmentum</span> 
     </span>
     <span class='ocr_line' id='line_1_14' title="bbox 277 1832 1260 1910; baseline 0.003 -21"><span class='ocrx_word' id='word_1_116' title='bbox 277 1832 312 1890; x_wconf 86' lang='lat' dir='ltr'>sit</span> <span class='ocrx_word' id='word_1_117' title='bbox 332 1834 550 1908; x_wconf 82' lang='lat' dir='ltr'>epigrammatis</span> <span class='ocrx_word' id='word_1_118' title='bbox 571 1834 652 1892; x_wconf 90' lang='lat' dir='ltr'>cuius</span> <span class='ocrx_word' id='word_1_119' title='bbox 674 1843 769 1892; x_wconf 89' lang='lat' dir='ltr'>cetera</span> <span class='ocrx_word' id='word_1_120' title='bbox 786 1833 937 1910; x_wconf 88' lang='lat' dir='ltr'>perierint:</span> <span class='ocrx_word' id='word_1_121' title='bbox 960 1835 1001 1892; x_wconf 88' lang='lat' dir='ltr'>sic</span> <span class='ocrx_word' id='word_1_122' title='bbox 1022 1834 1101 1891; x_wconf 91' lang='lat' dir='ltr'>enim</span> <span class='ocrx_word' id='word_1_123' title='bbox 1122 1833 1260 1908; x_wconf 88' lang='lat' dir='ltr'>opinatus</span> 
     </span>
     <span class='ocr_line' id='line_1_15' title="bbox 276 1929 1259 2007; baseline 0 -20"><span class='ocrx_word' id='word_1_124' title='bbox 276 1937 320 1988; x_wconf 87' lang='lat' dir='ltr'>est</span> <span class='ocrx_word' id='word_1_125' title='bbox 343 1929 487 2006; x_wconf 89' lang='lat' dir='ltr'>Bergkius</span> <span class='ocrx_word' id='word_1_126' title='bbox 509 1949 565 1990; x_wconf 87' lang='lat' dir='ltr'>nec</span> <span class='ocrx_word' id='word_1_127' title='bbox 589 1932 712 1991; x_wconf 89' lang='lat' dir='ltr'>omnino</span> <span class='ocrx_word' id='word_1_128' title='bbox 741 1933 843 1990; x_wconf 87' lang='lat' dir='ltr'>abnuit</span> <span class='ocrx_word' id='word_1_129' title='bbox 863 1930 1068 2007; x_wconf 87' lang='lat' dir='ltr'>Westphalius,</span> <span class='ocrx_word' id='word_1_130' title='bbox 1089 1947 1259 2006; x_wconf 87' lang='lat' dir='ltr'>quanquam</span> 
     </span>
     <span class='ocr_line' id='line_1_16' title="bbox 275 2027 1260 2104; baseline 0 -19"><span class='ocrx_word' id='word_1_131' title='bbox 275 2035 395 2104; x_wconf 87' lang='lat' dir='ltr'>uterque</span> <span class='ocrx_word' id='word_1_132' title='bbox 420 2029 508 2086; x_wconf 82' lang='lat' dir='ltr'>etIam</span> <span class='ocrx_word' id='word_1_133' title='bbox 529 2029 618 2086; x_wconf 84' lang='lat' dir='ltr'>alium</span> <span class='ocrx_word' id='word_1_134' title='bbox 640 2029 738 2088; x_wconf 91' lang='lat' dir='ltr'>locum</span> <span class='ocrx_word' id='word_1_135' title='bbox 762 2029 948 2104; x_wconf 85' lang='lat' dir='ltr'>assignarunt</span> <span class='ocrx_word' id='word_1_136' title='bbox 971 2027 1112 2097; x_wconf 88' lang='lat' dir='ltr'>uersibus,</span> <span class='ocrx_word' id='word_1_137' title='bbox 1136 2027 1183 2085; x_wconf 93' lang='lat' dir='ltr'>hic</span> <span class='ocrx_word' id='word_1_138' title='bbox 1208 2028 1260 2085; x_wconf 88' lang='lat' dir='ltr'>ubi</span> 
     </span>
     <span class='ocr_line' id='line_1_17' title="bbox 275 2113 1356 2202; baseline -0.002 -20"><span class='ocrx_word' id='word_1_139' title='bbox 275 2123 409 2199; x_wconf 89' lang='lat' dir='ltr'>leguntur</span> <span class='ocrx_word' id='word_1_140' title='bbox 427 2125 457 2183; x_wconf 85' lang='lat' dir='ltr'>iu</span> <span class='ocrx_word' id='word_1_141' title='bbox 476 2126 635 2196; x_wconf 84' lang='lat' dir='ltr'>codicibus,</span> <span class='ocrx_word' id='word_1_142' title='bbox 649 2125 794 2202; x_wconf 90' lang='lat' dir='ltr'>Bergkius</span> <span class='ocrx_word' id='word_1_143' title='bbox 807 2135 875 2202; x_wconf 90' lang='lat' dir='ltr'>post</span> <span class='ocrx_word' id='word_1_144' title='bbox 888 2124 1089 2184; x_wconf 90' lang='lat' dir='ltr'>LXXXVIII.</span> <span class='ocrx_word' id='word_1_145' title='bbox 1105 2126 1133 2182; x_wconf 88' lang='lat'>8.</span> <span class='ocrx_word' id='word_1_146' title='bbox 1175 2123 1259 2181; x_wconf 90' lang='lat' dir='ltr'>IIIam</span> <span class='ocrx_word' id='word_1_147' title='bbox 1344 2113 1356 2132; x_wconf 82' lang='lat'>&#39;</span> 
     </span>
     <span class='ocr_line' id='line_1_18' title="bbox 274 2221 1259 2300; baseline 0 -20"><span class='ocrx_word' id='word_1_148' title='bbox 274 2221 392 2298; x_wconf 83' lang='lat' dir='ltr'>Bergkii</span> <span class='ocrx_word' id='word_1_149' title='bbox 412 2225 587 2282; x_wconf 84' lang='lat' dir='ltr'>sententiam</span> <span class='ocrx_word' id='word_1_150' title='bbox 605 2235 637 2283; x_wconf 93' lang='lat' dir='ltr'>ut</span> <span class='ocrx_word' id='word_1_151' title='bbox 655 2223 852 2300; x_wconf 83' lang='lat' dir='ltr'>fragmentum</span> <span class='ocrx_word' id='word_1_152' title='bbox 870 2224 927 2283; x_wconf 90' lang='lat' dir='ltr'>sint</span> <span class='ocrx_word' id='word_1_153' title='bbox 940 2224 998 2282; x_wconf 92' lang='lat' dir='ltr'>hoc</span> <span class='ocrx_word' id='word_1_154' title='bbox 1011 2223 1072 2282; x_wconf 93' lang='lat' dir='ltr'>ueri</span> <span class='ocrx_word' id='word_1_155' title='bbox 1087 2223 1165 2281; x_wconf 93' lang='lat' dir='ltr'>duco</span> <span class='ocrx_word' id='word_1_156' title='bbox 1179 2223 1259 2281; x_wconf 90' lang='lat' dir='ltr'>simi-</span> 
     </span>
     <span class='ocr_line' id='line_1_19' title="bbox 274 2319 1260 2397; baseline 0.001 -20"><span class='ocrx_word' id='word_1_157' title='bbox 274 2319 377 2378; x_wconf 89' lang='lat' dir='ltr'>li0rem</span> <span class='ocrx_word' id='word_1_158' title='bbox 396 2319 478 2395; x_wconf 90' lang='lat' dir='ltr'>quod</span> <span class='ocrx_word' id='word_1_159' title='bbox 499 2321 620 2397; x_wconf 88' lang='lat' dir='ltr'>repetita</span> <span class='ocrx_word' id='word_1_160' title='bbox 640 2321 670 2380; x_wconf 91' lang='lat' dir='ltr'>in</span> <span class='ocrx_word' id='word_1_161' title='bbox 691 2320 846 2394; x_wconf 89' lang='lat' dir='ltr'>LXXVII.</span> <span class='ocrx_word' id='word_1_162' title='bbox 863 2336 891 2395; x_wconf 84' lang='lat'>5,</span> <span class='ocrx_word' id='word_1_163' title='bbox 906 2323 924 2379; x_wconf 89' lang='lat'>6</span> <span class='ocrx_word' id='word_1_164' title='bbox 939 2321 992 2379; x_wconf 81' lang='lat' dir='ltr'>heu</span> <span class='ocrx_word' id='word_1_165' title='bbox 1005 2321 1057 2378; x_wconf 76' lang='lat' dir='ltr'>lieu</span> <span class='ocrx_word' id='word_1_166' title='bbox 1070 2326 1179 2378; x_wconf 77' lang='lat' dir='ltr'>nostrae</span> <span class='ocrx_word' id='word_1_167' title='bbox 1197 2338 1260 2378; x_wconf 89' lang='lat' dir='ltr'>car·</span> 
     </span>
     <span class='ocr_line' id='line_1_20' title="bbox 274 2417 1259 2496; baseline 0.003 -22"><span class='ocrx_word' id='word_1_168' title='bbox 274 2434 345 2475; x_wconf 90' lang='lat' dir='ltr'>men</span> <span class='ocrx_word' id='word_1_169' title='bbox 366 2417 476 2493; x_wconf 90' lang='lat' dir='ltr'>optime</span> <span class='ocrx_word' id='word_1_170' title='bbox 498 2417 643 2489; x_wconf 82' lang='lat' dir='ltr'>claudunt,</span> <span class='ocrx_word' id='word_1_171' title='bbox 665 2419 834 2496; x_wconf 86' lang='lat' dir='ltr'>praesertim</span> <span class='ocrx_word' id='word_1_172' title='bbox 855 2420 880 2477; x_wconf 90' lang='lat' dir='ltr'>si</span> <span class='ocrx_word' id='word_1_173' title='bbox 902 2429 980 2478; x_wconf 91' lang='lat' dir='ltr'>recte</span> <span class='ocrx_word' id='word_1_174' title='bbox 1002 2419 1142 2495; x_wconf 87' lang='lat' dir='ltr'>scriptum</span> <span class='ocrx_word' id='word_1_175' title='bbox 1163 2429 1208 2476; x_wconf 89' lang='lat' dir='ltr'>est</span> <span class='ocrx_word' id='word_1_176' title='bbox 1228 2417 1259 2477; x_wconf 88' lang='lat' dir='ltr'>in</span> 
     </span>
    </p>
   </div>
   <div class='ocr_carea' id='block_1_5' title="bbox 274 2514 1030 2592">
    <p class='ocr_par' dir='ltr' id='par_1_5' title="bbox 274 2514 1030 2592">
     <span class='ocr_line' id='line_1_21' title="bbox 274 2514 1030 2592; baseline 0.001 -19"><span class='ocrx_word' id='word_1_177' title='bbox 274 2514 425 2574; x_wconf 89' lang='lat' dir='ltr'>codicibus</span> <span class='ocrx_word' id='word_1_178' title='bbox 439 2521 548 2573; x_wconf 83' lang='lat' dir='ltr'>nostrae</span> <span class='ocrx_word' id='word_1_179' title='bbox 561 2526 664 2592; x_wconf 91' lang='lat' dir='ltr'>pectus</span> <span class='ocrx_word' id='word_1_180' title='bbox 677 2518 823 2575; x_wconf 79' lang='lat' dir='ltr'>ami&#39;cr&#39;tiae.</span> <span class='ocrx_word' id='word_1_181' title='bbox 845 2515 891 2575; x_wconf 80' lang='lat' dir='ltr'>Cf.</span> <span class='ocrx_word' id='word_1_182' title='bbox 907 2515 987 2576; x_wconf 90' lang='lat' dir='ltr'>CIX.</span> <span class='ocrx_word' id='word_1_183' title='bbox 1003 2518 1030 2574; x_wconf 89' lang='lat'>6.</span> 
     </span>
    </p>
   </div>
   <div class='ocr_carea' id='block_1_6' title="bbox 148 2660 656 2741">
    <p class='ocr_par' dir='ltr' id='par_1_6' title="bbox 148 2660 656 2741">
     <span class='ocr_line' id='line_1_22' title="bbox 148 2660 656 2741; baseline -0.004 -17"><span class='ocrx_word' id='word_1_184' title='bbox 148 2660 197 2741; x_wconf 88' lang='lat'>(5)</span> <span class='ocrx_word' id='word_1_185' title='bbox 220 2661 442 2738; x_wconf 85' lang='lat' dir='ltr'>Epigrammata</span> <span class='ocrx_word' id='word_1_186' title='bbox 460 2681 493 2721; x_wconf 81' lang='lat' dir='ltr'>ra</span> <span class='ocrx_word' id='word_1_187' title='bbox 510 2681 656 2722; x_wconf 87' lang='lat' dir='ltr'>uersuum.</span> 
     </span>
    </p>
   </div>
   <div class='ocr_carea' id='block_1_7' title="bbox 233 2783 1260 3059">
    <p class='ocr_par' dir='ltr' id='par_1_7' title="bbox 233 2783 1260 3059">
     <span class='ocr_line' id='line_1_23' title="bbox 233 2783 1260 2863; baseline 0.004 -21"><span class='ocrx_word' id='word_1_188' title='bbox 233 2783 378 2860; x_wconf 84' lang='lat' dir='ltr'>Exempla</span> <span class='ocrx_word' id='word_1_189' title='bbox 400 2795 467 2844; x_wconf 86' lang='lat' dir='ltr'>sunt</span> <span class='ocrx_word' id='word_1_190' title='bbox 481 2785 649 2858; x_wconf 88' lang='lat' dir='ltr'>LXXXIV,</span> <span class='ocrx_word' id='word_1_191' title='bbox 665 2785 790 2846; x_wconf 90' lang='lat' dir='ltr'>XCVII.</span> <span class='ocrx_word' id='word_1_192' title='bbox 832 2787 872 2845; x_wconf 90' lang='lat' dir='ltr'>Et</span> <span class='ocrx_word' id='word_1_193' title='bbox 891 2786 1052 2845; x_wconf 90' lang='lat' dir='ltr'>LXXXIV</span> <span class='ocrx_word' id='word_1_194' title='bbox 1074 2787 1194 2863; x_wconf 89' lang='lat' dir='ltr'>quidem</span> <span class='ocrx_word' id='word_1_195' title='bbox 1218 2787 1260 2846; x_wconf 82' lang='lat' dir='ltr'>sie</span> 
     </span>
     <span class='ocr_line' id='line_1_24' title="bbox 274 2882 1260 2962; baseline 0.003 -21"><span class='ocrx_word' id='word_1_196' title='bbox 274 2882 457 2941; x_wconf 87' lang='lat' dir='ltr'>distributum</span> <span class='ocrx_word' id='word_1_197' title='bbox 472 2894 516 2943; x_wconf 87' lang='lat' dir='ltr'>est</span> <span class='ocrx_word' id='word_1_198' title='bbox 530 2885 592 2954; x_wconf 87' lang='lat'>6,6</span> <span class='ocrx_word' id='word_1_199' title='bbox 614 2885 653 2942; x_wconf 85' lang='lat' dir='ltr'>ita</span> <span class='ocrx_word' id='word_1_200' title='bbox 671 2895 769 2944; x_wconf 85' lang='lat' dir='ltr'>tamen</span> <span class='ocrx_word' id='word_1_201' title='bbox 788 2895 821 2944; x_wconf 92' lang='lat' dir='ltr'>ut</span> <span class='ocrx_word' id='word_1_202' title='bbox 841 2886 901 2944; x_wconf 93' lang='lat' dir='ltr'>duo</span> <span class='ocrx_word' id='word_1_203' title='bbox 920 2886 1005 2962; x_wconf 89' lang='lat' dir='ltr'>primi</span> <span class='ocrx_word' id='word_1_204' title='bbox 1024 2903 1126 2944; x_wconf 88' lang='lat' dir='ltr'>uersus</span> <span class='ocrx_word' id='word_1_205' title='bbox 1145 2885 1260 2945; x_wconf 88' lang='lat' dir='ltr'>duobus</span> 
     </span>
     <span class='ocr_line' id='line_1_25' title="bbox 273 2979 1259 3059; baseline 0.005 -22"><span class='ocrx_word' id='word_1_206' title='bbox 273 2979 472 3055; x_wconf 88' lang='lat' dir='ltr'>respondeant</span> <span class='ocrx_word' id='word_1_207' title='bbox 486 2982 649 3058; x_wconf 82' lang='lat' dir='ltr'>postremis.</span> <span class='ocrx_word' id='word_1_208' title='bbox 684 2981 801 3041; x_wconf 90' lang='lat' dir='ltr'>XCVII</span> <span class='ocrx_word' id='word_1_209' title='bbox 815 2984 846 3041; x_wconf 86' lang='lat' dir='ltr'>irr</span> <span class='ocrx_word' id='word_1_210' title='bbox 857 2995 915 3042; x_wconf 91' lang='lat' dir='ltr'>tres</span> <span class='ocrx_word' id='word_1_211' title='bbox 929 2984 1064 3059; x_wconf 83' lang='lat' dir='ltr'>strophas</span> <span class='ocrx_word' id='word_1_212' title='bbox 1074 3002 1092 3055; x_wconf 90' lang='grc'><strong>4</strong></span> <span class='ocrx_word' id='word_1_213' title='bbox 1104 3001 1259 3054; x_wconf 82' lang='lat' dir='ltr'>uersuum3</span> 
     </span>
    </p>
   </div>
   <div class='ocr_carea' id='block_1_8' title="bbox 274 3079 1260 3256">
    <p class='ocr_par' dir='ltr' id='par_1_8' title="bbox 274 3079 1260 3256">
     <span class='ocr_line' id='line_1_26' title="bbox 275 3079 1260 3157; baseline 0.004 -23"><span class='ocrx_word' id='word_1_214' title='bbox 275 3095 398 3152; x_wconf 86' lang='lat' dir='ltr'>quarum</span> <span class='ocrx_word' id='word_1_215' title='bbox 417 3096 492 3154; x_wconf 84' lang='lat' dir='ltr'>quae</span> <span class='ocrx_word' id='word_1_216' title='bbox 511 3079 606 3154; x_wconf 88' lang='lat' dir='ltr'>prima</span> <span class='ocrx_word' id='word_1_217' title='bbox 623 3090 667 3138; x_wconf 89' lang='lat' dir='ltr'>est</span> <span class='ocrx_word' id='word_1_218' title='bbox 681 3081 807 3139; x_wconf 87' lang='lat' dir='ltr'>eandem</span> <span class='ocrx_word' id='word_1_219' title='bbox 828 3098 891 3139; x_wconf 90' lang='lat' dir='ltr'>rem</span> <span class='ocrx_word' id='word_1_220' title='bbox 909 3082 954 3140; x_wconf 87' lang='lat' dir='ltr'>bis</span> <span class='ocrx_word' id='word_1_221' title='bbox 968 3082 1052 3157; x_wconf 89' lang='lat' dir='ltr'>ponit</span> <span class='ocrx_word' id='word_1_222' title='bbox 1065 3099 1154 3157; x_wconf 91' lang='lat' dir='ltr'>quam</span> <span class='ocrx_word' id='word_1_223' title='bbox 1168 3079 1260 3140; x_wconf 88' lang='lat' dir='ltr'>semel</span> 
     </span>
     <span class='ocr_line' id='line_1_27' title="bbox 274 3172 835 3256; baseline 0.011 -25"><span class='ocrx_word' id='word_1_224' title='bbox 274 3174 357 3232; x_wconf 85' lang='lat' dir='ltr'>tertia</span> <span class='ocrx_word' id='word_1_225' title='bbox 372 3172 401 3253; x_wconf 70' lang='grc' dir='ltr'>(ι</span> <span class='ocrx_word' id='word_1_226' title='bbox 419 3176 517 3246; x_wconf 76' lang='lat' dir='ltr'>adum,</span> <span class='ocrx_word' id='word_1_227' title='bbox 533 3196 551 3247; x_wconf 84' lang='lat'>4</span> <span class='ocrx_word' id='word_1_228' title='bbox 566 3176 652 3248; x_wconf 75' lang='lat' dir='ltr'>oclus,</span> <span class='ocrx_word' id='word_1_229' title='bbox 670 3196 704 3236; x_wconf 85' lang='lat' dir='ltr'>ra</span> <span class='ocrx_word' id='word_1_230' title='bbox 720 3176 835 3256; x_wconf 79' lang='lat' dir='ltr'>culum).</span> 
     </span>
    </p>
   </div>
   <div class='ocr_carea' id='block_1_9' title="bbox 103 3327 1261 3796">
    <p class='ocr_par' dir='ltr' id='par_1_9' title="bbox 103 3327 1261 3796">
     <span class='ocr_line' id='line_1_28' title="bbox 149 3327 1260 3407; baseline 0.004 -21"><span class='ocrx_word' id='word_1_231' title='bbox 149 3327 285 3388; x_wconf 86' lang='lat' dir='ltr'>Ventum</span> <span class='ocrx_word' id='word_1_232' title='bbox 307 3338 351 3388; x_wconf 85' lang='lat' dir='ltr'>est</span> <span class='ocrx_word' id='word_1_233' title='bbox 373 3330 411 3388; x_wconf 87' lang='lat' dir='ltr'>ad</span> <span class='ocrx_word' id='word_1_234' title='bbox 434 3330 562 3390; x_wconf 82' lang='lat' dir='ltr'>carmina</span> <span class='ocrx_word' id='word_1_235' title='bbox 581 3347 657 3407; x_wconf 89' lang='lat' dir='ltr'>quae</span> <span class='ocrx_word' id='word_1_236' title='bbox 677 3329 748 3390; x_wconf 91' lang='lat' dir='ltr'>LXI</span> <span class='ocrx_word' id='word_1_237' title='bbox 770 3330 957 3407; x_wconf 82' lang='lat' dir='ltr'>praecedunt</span> <span class='ocrx_word' id='word_1_238' title='bbox 1010 3329 1104 3400; x_wconf 90' lang='lat' dir='ltr'>Haec,</span> <span class='ocrx_word' id='word_1_239' title='bbox 1119 3346 1187 3389; x_wconf 90' lang='lat' dir='ltr'>cum</span> <span class='ocrx_word' id='word_1_240' title='bbox 1209 3340 1260 3391; x_wconf 84' lang='lat' dir='ltr'>aut</span> 
     </span>
     <span class='ocr_line' id='line_1_29' title="bbox 103 3424 1261 3503; baseline 0.003 -19"><span class='ocrx_word' id='word_1_241' title='bbox 103 3424 200 3502; x_wconf 84' lang='lat' dir='ltr'>lyrica</span> <span class='ocrx_word' id='word_1_242' title='bbox 221 3426 280 3484; x_wconf 89' lang='lat' dir='ltr'>sint</span> <span class='ocrx_word' id='word_1_243' title='bbox 298 3435 348 3484; x_wconf 86' lang='lat' dir='ltr'>aut</span> <span class='ocrx_word' id='word_1_244' title='bbox 370 3426 492 3502; x_wconf 89' lang='lat' dir='ltr'>lyricum</span> <span class='ocrx_word' id='word_1_245' title='bbox 511 3427 629 3502; x_wconf 85' lang='lat' dir='ltr'>aliquod</span> <span class='ocrx_word' id='word_1_246' title='bbox 648 3445 718 3502; x_wconf 88' lang='lat' dir='ltr'>prae</span> <span class='ocrx_word' id='word_1_247' title='bbox 733 3445 764 3486; x_wconf 87' lang='lat' dir='ltr'>se</span> <span class='ocrx_word' id='word_1_248' title='bbox 779 3426 881 3497; x_wconf 86' lang='lat' dir='ltr'>ferant,</span> <span class='ocrx_word' id='word_1_249' title='bbox 896 3428 955 3486; x_wconf 88' lang='lat' dir='ltr'>iam</span> <span class='ocrx_word' id='word_1_250' title='bbox 968 3427 999 3484; x_wconf 91' lang='lat' dir='ltr'>in</span> <span class='ocrx_word' id='word_1_251' title='bbox 1013 3437 1138 3503; x_wconf 86' lang='lat' dir='ltr'>quatuor</span> <span class='ocrx_word' id='word_1_252' title='bbox 1150 3443 1261 3500; x_wconf 83' lang='lat' dir='ltr'>genera</span> 
     </span>
     <span class='ocr_line' id='line_1_30' title="bbox 104 3519 1259 3603; baseline -0.002 -19"><span class='ocrx_word' id='word_1_253' title='bbox 104 3523 251 3598; x_wconf 87' lang='lat' dir='ltr'>descripsi</span> <span class='ocrx_word' id='word_1_254' title='bbox 271 3519 312 3600; x_wconf 83' lang='lat'>(1)</span> <span class='ocrx_word' id='word_1_255' title='bbox 327 3521 480 3584; x_wconf 88' lang='lat' dir='ltr'>Mesodica</span> <span class='ocrx_word' id='word_1_256' title='bbox 502 3521 559 3603; x_wconf 81' lang='lat' dir='ltr'>(II)</span> <span class='ocrx_word' id='word_1_257' title='bbox 574 3523 716 3584; x_wconf 86' lang='lat' dir='ltr'>Proodiea</span> <span class='ocrx_word' id='word_1_258' title='bbox 736 3522 808 3601; x_wconf 80' lang='lat' dir='ltr'>(III)</span> <span class='ocrx_word' id='word_1_259' title='bbox 823 3523 956 3601; x_wconf 76' lang='lat' dir='ltr'>EpodIca</span> <span class='ocrx_word' id='word_1_260' title='bbox 978 3521 1048 3601; x_wconf 81' lang='lat' dir='ltr'>(IV)</span> <span class='ocrx_word' id='word_1_261' title='bbox 1066 3521 1170 3582; x_wconf 86' lang='lat' dir='ltr'>Cetera</span> <span class='ocrx_word' id='word_1_262' title='bbox 1183 3540 1259 3598; x_wconf 87' lang='lat' dir='ltr'>quae</span> 
     </span>
     <span class='ocr_line' id='line_1_31' title="bbox 105 3619 1259 3696; baseline 0.001 -16"><span class='ocrx_word' id='word_1_263' title='bbox 105 3619 278 3696; x_wconf 85' lang='lat' dir='ltr'>aequabiles</span> <span class='ocrx_word' id='word_1_264' title='bbox 298 3637 435 3681; x_wconf 86' lang='lat' dir='ltr'>numeros</span> <span class='ocrx_word' id='word_1_265' title='bbox 454 3621 571 3692; x_wconf 83' lang='lat' dir='ltr'>habent,</span> <span class='ocrx_word' id='word_1_266' title='bbox 586 3621 638 3682; x_wconf 88' lang='lat' dir='ltr'>sed</span> <span class='ocrx_word' id='word_1_267' title='bbox 654 3639 708 3681; x_wconf 91' lang='lat' dir='ltr'>nec</span> <span class='ocrx_word' id='word_1_268' title='bbox 722 3621 877 3682; x_wconf 85' lang='lat' dir='ltr'>Mesodica</span> <span class='ocrx_word' id='word_1_269' title='bbox 895 3631 971 3691; x_wconf 88' lang='lat' dir='ltr'>sunt,</span> <span class='ocrx_word' id='word_1_270' title='bbox 986 3638 1041 3682; x_wconf 89' lang='lat' dir='ltr'>nec</span> <span class='ocrx_word' id='word_1_271' title='bbox 1058 3638 1126 3681; x_wconf 92' lang='lat' dir='ltr'>cum</span> <span class='ocrx_word' id='word_1_272' title='bbox 1140 3619 1259 3681; x_wconf 88' lang='lat' dir='ltr'>Proodo</span> 
     </span>
     <span class='ocr_line' id='line_1_32' title="bbox 105 3715 461 3796; baseline 0 -20"><span class='ocrx_word' id='word_1_273' title='bbox 105 3725 161 3776; x_wconf 81' lang='lat' dir='ltr'>aut</span> <span class='ocrx_word' id='word_1_274' title='bbox 175 3715 283 3796; x_wconf 85' lang='lat' dir='ltr'>Epodo</span> <span class='ocrx_word' id='word_1_275' title='bbox 298 3717 461 3778; x_wconf 88' lang='lat' dir='ltr'>coniuncta.</span> 
     </span>
    </p>
   </div>
   <div class='ocr_carea' id='block_1_10' title="bbox 678 3929 703 3992">
    <p class='ocr_par' dir='ltr' id='par_1_10' title="bbox 678 3929 703 3992">
     <span class='ocr_line' id='line_1_33' title="bbox 678 3929 703 3992; baseline -0.04 0"><span class='ocrx_word' id='word_1_276' title='bbox 678 3929 703 3992; x_wconf 93' lang='lat'>1.</span> 
     </span>
    </p>
   </div>
   <div class='ocr_carea' id='block_1_11' title="bbox 356 4069 1022 4272">
    <p class='ocr_par' dir='ltr' id='par_1_11' title="bbox 356 4069 1022 4272">
     <span class='ocr_line' id='line_1_34' title="bbox 604 4069 764 4130; baseline -0.006 -2"><span class='ocrx_word' id='word_1_277' title='bbox 604 4069 764 4130; x_wconf 85' lang='lat' dir='ltr'>Mesodica.</span> 
     </span>
     <span class='ocr_line' id='line_1_35' title="bbox 356 4197 1022 4272; baseline 0.003 -15"><span class='ocrx_word' id='word_1_278' title='bbox 356 4217 380 4257; x_wconf 91' lang='lat' dir='ltr'>c.</span> <span class='ocrx_word' id='word_1_279' title='bbox 395 4197 449 4268; x_wconf 93' lang='lat' dir='ltr'>VI,</span> <span class='ocrx_word' id='word_1_280' title='bbox 464 4197 548 4270; x_wconf 91' lang='lat' dir='ltr'>VIII,</span> <span class='ocrx_word' id='word_1_281' title='bbox 568 4199 650 4270; x_wconf 88' lang='lat' dir='ltr'>XIV,</span> <span class='ocrx_word' id='word_1_282' title='bbox 670 4199 764 4270; x_wconf 89' lang='lat' dir='ltr'>XXV,</span> <span class='ocrx_word' id='word_1_283' title='bbox 785 4199 894 4272; x_wconf 88' lang='lat' dir='ltr'>XLIV,</span> <span class='ocrx_word' id='word_1_284' title='bbox 912 4200 1022 4260; x_wconf 92' lang='lat' dir='ltr'>XLVI.</span> 
     </span>
    </p>
   </div>
   <div class='ocr_carea' id='block_1_12' title="bbox 109 4335 1259 4603">
    <p class='ocr_par' dir='ltr' id='par_1_12' title="bbox 109 4335 1259 4603">
     <span class='ocr_line' id='line_1_36' title="bbox 151 4335 1259 4422; baseline 0.001 -26"><span class='ocrx_word' id='word_1_285' title='bbox 151 4335 298 4396; x_wconf 81' lang='lat' dir='ltr'>CarmInis</span> <span class='ocrx_word' id='word_1_286' title='bbox 318 4335 362 4394; x_wconf 92' lang='lat' dir='ltr'>VI</span> <span class='ocrx_word' id='word_1_287' title='bbox 382 4337 511 4396; x_wconf 89' lang='lat' dir='ltr'>medium</span> <span class='ocrx_word' id='word_1_288' title='bbox 536 4339 633 4398; x_wconf 89' lang='lat' dir='ltr'>locum</span> <span class='ocrx_word' id='word_1_289' title='bbox 654 4350 752 4402; x_wconf 88' lang='lat' dir='ltr'>tenent</span> <span class='ocrx_word' id='word_1_290' title='bbox 772 4355 786 4415; x_wconf 90' lang='lat'><strong>7</strong></span> <span class='ocrx_word' id='word_1_291' title='bbox 808 4359 919 4412; x_wconf 87' lang='lat' dir='ltr'>uersus,</span> <span class='ocrx_word' id='word_1_292' title='bbox 941 4341 1046 4422; x_wconf 83' lang='lat' dir='ltr'>quibus</span> <span class='ocrx_word' id='word_1_293' title='bbox 1067 4338 1259 4398; x_wconf 83' lang='lat' dir='ltr'>adnectuntur</span> 
     </span>
     <span class='ocr_line' id='line_1_37' title="bbox 109 4433 1258 4515; baseline 0 -21"><span class='ocrx_word' id='word_1_294' title='bbox 109 4437 245 4513; x_wconf 89' lang='lat' dir='ltr'>utrinque</span> <span class='ocrx_word' id='word_1_295' title='bbox 269 4451 295 4509; x_wconf 88' lang='lat'>5.</span> <span class='ocrx_word' id='word_1_296' title='bbox 351 4435 391 4493; x_wconf 91' lang='lat' dir='ltr'>Hi</span> <span class='ocrx_word' id='word_1_297' title='bbox 413 4455 513 4496; x_wconf 88' lang='lat' dir='ltr'>uersus</span> <span class='ocrx_word' id='word_1_298' title='bbox 535 4438 565 4496; x_wconf 91' lang='lat' dir='ltr'>in</span> <span class='ocrx_word' id='word_1_299' title='bbox 588 4457 635 4512; x_wconf 83' lang='lat'>32,</span> <span class='ocrx_word' id='word_1_300' title='bbox 660 4458 696 4513; x_wconf 82' lang='lat'>23</span> <span class='ocrx_word' id='word_1_301' title='bbox 723 4440 901 4500; x_wconf 83' lang='lat' dir='ltr'>scInduntur.</span> <span class='ocrx_word' id='word_1_302' title='bbox 942 4439 1045 4515; x_wconf 87' lang='lat' dir='ltr'>ltaque</span> <span class='ocrx_word' id='word_1_303' title='bbox 1070 4439 1159 4509; x_wconf 71' lang='grc' dir='ltr'><strong><em>σχῆμα</em></strong></span> <span class='ocrx_word' id='word_1_304' title='bbox 1183 4433 1258 4496; x_wconf 84' lang='lat' dir='ltr'>facio</span> 
     </span>
     <span class='ocr_line' id='line_1_38' title="bbox 659 4561 713 4603; baseline 0.019 -1"><span class='ocrx_word' id='word_1_305' title='bbox 659 4561 678 4602; x_wconf 94' lang='grc' dir='ltr'><strong>ο</strong></span> <span class='ocrx_word' id='word_1_306' title='bbox 693 4561 713 4603; x_wconf 92' lang='lat' dir='ltr'>o</span> 
     </span>
    </p>
   </div>
   <div class='ocr_carea' id='block_1_13' title="bbox 0 0 1576 5059">
    <p class='ocr_par' dir='ltr' id='par_1_13' title="bbox 0 0 1576 5059">
     <span class='ocr_line' id='line_1_39' title="bbox 0 0 1576 5059; baseline 0 0"><span class='ocrx_word' id='word_1_307' title='bbox 0 0 1576 5059; x_wconf 95' lang='lat' dir='ltr'> </span> 
     </span>
    </p>
   </div>
  </div>
 </body>
</html>
