3142 5059
450 384 670 449 CARMEN
700 384 832 451 LXXV.
855 383 1003 451 LXXVI.
1239 388 1302 451 181

238 572 333 658 Qiod
355 573 459 637 uoluit
480 574 580 639 fecit:
610 594 698 660 nam,
719 578 866 660 quamuis
888 576 1030 639 inrumet
1054 576 1159 659 ipsum
1287 602 1301 652 5

281 686 382 750 Nunc
404 697 562 773 patruum,
584 691 717 751 uerbum
739 709 807 752 non
829 690 929 753 faciet
952 698 1090 774 patruus.

660 1013 793 1080 LXXV.

236 1165 314 1231 ch
336 1178 386 1232 est
409 1188 503 1232 mens
525 1168 662 1233 deducta
684 1180 750 1253 tua,
773 1189 847 1232 mea
870 1168 1000 1253 Lesbia,
1023 1170 1128 1253 culpa,

282 1282 390 1365 Atque
410 1286 460 1348 ita
481 1305 515 1348 se
538 1284 646 1348 officio
669 1284 810 1369 perdidit
835 1286 905 1368 ipsa
930 1304 1000 1369 suo,

237 1396 283 1459 Vt
306 1398 372 1459 iam
395 1418 455 1461 nec
477 1400 559 1461 bene
581 1399 666 1461 uelle
689 1402 787 1481 queat
809 1398 885 1480 tibi,
908 1399 936 1459 si
960 1399 1085 1481 optima
1108 1397 1175 1482 fiae,

282 1509 358 1573 Nec
379 1510 534 1574 desistere
556 1530 677 1596 amare,
699 1512 812 1573 omnia
834 1512 861 1572 si
885 1510 996 1573 facias.

147 1801 243 1855 reddit
255 1803 304 1856 ΒΟ
383 1802 575 1871 harpocratem
587 1804 611 1857 O
691 1802 902 1870 harpocrathem
917 1800 1092 1856 ABCGLLa¹
1175 1816 1304 1869 arpocra-

145 1873 228 1926 them
242 1875 269 1926 V
333 1882 505 1941 arpocratem
517 1874 586 1927 hard
655 1875 824 1941 ippocratem
837 1875 872 1927 H.

187 1962 213 2009 5.
249 1945 400 2012 quanuisC
468 1946 584 1997 irrumet
598 1946 679 1998 Vbad.

187 2062 213 2111 6.
249 2058 410 2126 patriumH
476 2028 618 2127 p'rXumA
687 2026 820 2127 drusrsA.

667 2179 789 2233 LXXV.

186 2268 241 2320 Hoc
252 2286 356 2321 carmen
368 2288 423 2321 cum
435 2289 457 2322 c.
470 2270 596 2321 LXXIV
602 2270 748 2321 continuant
760 2268 860 2320 codices.

191 2372 214 2408 1.
252 2354 317 2409 Huc
331 2353 689 2410 ABCDGLLa¹La20Vhac
793 2353 834 2407 Vc
845 2354 884 2406 ed.
894 2354 980 2405 Paris.
994 2353 1062 2405 Saec.
1075 2355 1135 2406 XV.
1239 2354 1304 2407 Huc

148 2426 206 2479 huc
223 2427 252 2478 H
368 2428 452 2480 Hunc
468 2427 643 2497 Phillippemis
758 2424 841 2478 Nunc
857 2425 915 2476 det
932 2426 1083 2477 Cuiocianus
1103 2425 1165 2477 unde
1183 2424 1304 2494 Scaliger,

147 2516 222 2567 quem
245 2500 324 2550 secuti
346 2509 406 2550 runt
429 2518 485 2551 cum
510 2500 592 2551 Statio
616 2516 698 2550 omnes
718 2507 825 2566 praeter
849 2495 974 2563 Silligium
998 2505 1023 2546 et
1047 2495 1236 2561 Rossbachium,
1260 2497 1304 2547 hoc

148 2570 364 2692 tetrastgchonoqo
374 2588 395 2622 c.
410 2571 581 2622 LXXXVII.
594 2581 644 2639 per
660 2587 773 2621 errorem
791 2567 930 2620 abscissam
948 2576 1047 2619 etcum
1065 2586 1092 2619 eo
1109 2568 1305 2637 coniungendam

140 2649 226 2709 pietat
293 2659 319 2691 m

330 2753 436 2807 NVLLA
453 2760 545 2822 potest
562 2754 661 2806 mulier
678 2760 786 2806 tanturn
804 2769 833 2806 se
852 2753 944 2805 dicere
962 2758 1081 2805 amotam

365 2826 446 2891 Vere,
465 2833 598 2893 quantum
616 2842 633 2877 a
650 2841 695 2877 me
713 2824 813 2877 Lesbia
831 2830 921 2877 amata
939 2839 1001 2875 mea
1019 2839 1058 2876 es,

331 2894 411 2949 Nulla
430 2896 497 2948 fides
515 2897 589 2949 nulio
606 2894 659 2948 fuit
676 2912 797 2963 unquam
816 2894 928 2947 foedere
947 2901 1032 2959 tanta,

309 2965 314 2973 ⁴
366 2968 478 3036 Qanta
494 2966 522 3019 in
541 2982 635 3019 amore
652 2973 701 3019 tuo
720 2982 755 3018 ex
773 2973 851 3033 parte
870 2972 980 3033 reperta
998 2980 1060 3017 mea
1078 2971 1128 3019 est.

329 3078 411 3132 Nunc
429 3086 472 3132 est
489 3095 567 3131 mens
586 3078 697 3131 diducta
714 3084 770 3143 tua,
790 3094 852 3130 mea
870 3076 978 3144 Lesbia,
997 3078 1084 3145 culpa,

365 3152 457 3218 Atque
477 3150 514 3202 ita
531 3166 561 3202 se
579 3149 669 3202 officio
687 3149 807 3216 perdidit
826 3150 881 3216 ipsa
899 3165 957 3215 suo,

330 3220 368 3273 Vt
386 3222 440 3273 iam
457 3237 510 3273 nec
528 3219 599 3273 bene
618 3220 688 3271 uelle
707 3226 791 3289 queat
808 3220 867 3285 tibi,
886 3220 907 3271 si
926 3220 1029 3287 optima
1047 3219 1102 3285 iias,

365 3291 426 3344 Nec
444 3291 575 3344 desistere
594 3306 694 3357 amare,
713 3292 805 3343 omnia
822 3292 845 3343 si
863 3290 954 3343 iacias.

148 3405 277 3457 Errorem
298 3404 336 3457 ad
357 3406 525 3473 transpositas
544 3406 658 3473 paginas
681 3404 809 3471 archetypi
830 3405 1012 3456 Lachmannas
1028 3403 1089 3455 Hau
1106 3402 1155 3455 tius
1173 3401 1306 3454 Boebmius

149 3475 304 3528 Schwabira
317 3475 484 3544 Wstphalius
495 3476 540 3527 sed
550 3476 655 3527 diuersis
668 3475 747 3527 modis
760 3474 918 3527 rettulemnt.
954 3473 1015 3526 Vide
1026 3413 1214 3541 Proddgomena.
1251 3476 1307 3541 Ipse

149 3547 263 3599 codicum
288 3546 400 3599 ordinem
422 3548 526 3599 seruaui
549 3557 578 3597 ut
601 3548 628 3598 in
653 3564 681 3597 re
704 3548 810 3597 incerta.
847 3546 999 3614 Quanquam
1017 3545 1305 3597 enimc.LXXXV1L

143 3630 240 3687 perse
259 3619 304 3669 uix
324 3619 389 3670 satis
409 3628 515 3683 constat,
535 3617 581 3668 hoc
602 3619 629 3669 in
650 3635 672 3669 c.
689 3618 802 3668 LXXV.
821 3635 868 3669 non
886 3616 956 3667 cadit
973 3634 1005 3667 ex
1022 3633 1107 3683 aequo.
1156 3614 1222 3666 Bene
1239 3617 1305 3668 enim

150 3688 300 3758 respondent
319 3689 385 3741 Huc
405 3699 431 3741 et
451 3688 585 3753 deducta;
616 3697 705 3740 contra
726 3688 809 3739 minus
831 3687 889 3740 bene
904 3696 963 3755 pori
984 3685 1066 3739 Nunc
1084 3687 1111 3739 in
1129 3702 1182 3738 u.1
1204 3686 1306 3739 iamin

148 3776 208 3883 aa}
226 3760 339 3883 {mur
440 3757 595 3882 ledumd
701 3758 813 3811 diducta
825 3758 1006 3811 Lachmannus
1113 3762 1156 3809 est
1167 3772 1245 3809 mens
1257 3764 1305 3810 tua

207 3846 227 3881 u
380 3845 427 3882 me
469 3869 476 3882 .

189 3918 215 3954 2.
251 3900 298 3953 Ad
313 3901 378 3952 banc
396 3920 496 3952 uersum
515 3898 655 3971 Spmgelias
669 3902 773 3970 putauit
790 3909 903 3969 spectare
916 3898 1032 3967 glossam
1046 3899 1214 3951 Pithoeanam
1226 3909 1256 3967 p.
1270 3913 1305 3962 70

150 3972 271 4094 θοτὸοςν.
284 3972 292 3999 ‘
303 3971 460 4039 officiperdi
473 3972 521 4040 qui
532 3972 574 4024 sui
587 3970 686 4023 laboris
698 3986 755 4023 non
767 3970 869 4023 habent
882 3969 1142 4023 remunerationem.
1163 3970 1304 4023 Catullus!

224 4043 231 4093 i
253 4042 273 4095 it
286 4044 340 4095 Db.

150 4042 223 4178 pn?
251 4114 375 4182 uelisque
388 4120 430 4165 tot
442 4111 501 4181 (tot
512 4131 561 4165 om.
574 4110 618 4181 H)
633 4113 681 4165 tibi
696 4108 1043 4165 ABCDGHLLa¹La¹OVc
1054 4110 1092 4163 ed.
1102 4113 1149 4164 Pr.
1232 4110 1303 4162 uelle

149 4200 222 4252 quae
234 4190 278 4236 tot
290 4184 343 4236 sib
442 4183 513 4236 uelle
526 4189 569 4235 tot
582 4183 630 4236 tibi
643 4203 661 4236 a
758 4183 830 4236 uelle
843 4182 1138 4251 queamdParthem'us
1232 4180 1304 4233 uelle

149 4261 235 4324 queat
248 4256 429 4307 Lachmonnus
500 4260 613 4323 optuma
624 4255 657 4308 0.

187 4346 213 4391 4.
249 4325 380 4379 destitere
391 4347 419 4380 a.
