3142 5059
497 414 852 479 PROLEGOMENA.
1218 410 1297 469 xxvii

165 608 297 650 monta!
315 608 390 651 nm
408 610 542 652 salom.
748 608 877 652 Partim
896 607 1018 650 svurralt
1037 604 1247 649 postmontis·

0 698 2 703 ’
49 704 88 777 63
118 702 280 763 Commodi
294 721 408 781 capere,
423 713 452 763 at
465 714 563 781 potest
699 705 737 775 64
766 701 813 761 Te
826 701 952 772 uolente,
967 700 1032 778 quis
1045 700 1112 758 huic
1126 699 1184 757 deo

49 816 87 875 47
117 800 173 861 Est
185 801 330 878 petendus
344 803 508 861 amantibus
699 805 738 875 48
766 801 865 875 Quem
878 801 976 861 colent
988 800 1122 859 homines
1135 797 1231 875 magis

49 918 86 973 31
117 900 164 959 Ac
178 900 301 958 domum
315 900 466 959 dominam
478 918 554 961 uoca
701 920 738 977 3²
767 899 909 977 Coniugia
923 899 1060 977 cupidam
1073 897 1143 957 noui

51 1014 89 1073 ¹5
118 998 241 1058 Pineam
254 1008 342 1076 quate
355 1000 454 1059 tedam
704 1001 738 1057 16
767 997 903 1076 Namque
917 997 1002 1056 Iunia
1015 996 1116 1056 Mallio

767 1096 992 1173 Epithalamium
1006 1095 1107 1155 Iuniae
1120 1103 1151 1153 et
1164 1091 1256 1153 Mallii

90 1296 174 1357 Tum
187 1298 348 1358 carminum
361 1297 511 1357 LV-LX
524 1297 597 1359 haec
611 1308 656 1359 est
669 1287 868 1359 dinumeratio.

168 1458 298 1499 reomau
315 1458 391 1500 lm
411 1458 545 1501 PRIORES.
748 1458 877 1500 inolita!
897 1458 1018 1500 sumn
1037 1456 1247 1501 Postumus,

46 1552 113 1612 LX
176 1569 194 1627 5
223 1551 432 1632 Contemptam
445 1554 569 1612 haberes

48 1651 194 1710 LVIIl.1
224 1649 306 1709 Caeli
320 1650 427 1709 Lesbia
441 1662 541 1711 nostra
700 1648 840 1709 LVIII.2
869 1648 1050 1721 lilaLesbia,
1065 1668 1154 1727 quam

49 1748 132 1808 LVI.
176 1768 195 1820 4
225 1746 285 1807 Res
299 1759 343 1807 est
357 1748 477 1808 ridicula
700 1748 779 1807 LVI.
823 1748 1019 1824 5Deprendi
1032 1748 1124 1808 modo
1138 1748 1279 1824 pupulum

50 1846 116 1906 LV.
158 1864 193 1903 ar
225 1844 309 1917 Quos
324 1846 440 1904 iunctos
454 1845 571 1905 Cameri
700 1845 764 1904 LV.
805 1866 840 1905 aa
870 1844 1011 1905 Defessus
1024 1856 1124 1905 tamen

177 1957 195 2017 5
224 1941 271 2001 Te
284 1943 314 2002 in
327 1942 439 2020 templo
452 1944 559 2004 summi
822 1947 840 2003 6
869 1944 905 2003 In
919 1944 1023 2021 Magni
1036 1942 1122 2005 simul

92 2177 210 2237 Exinde
223 2186 309 2249 retro,
323 2188 355 2237 ut
368 2178 408 2236 ita
422 2177 526 2248 dicam,
540 2195 692 2237 numerare
707 2188 785 2237 uetat
804 2197 829 2238 c.
843 2178 915 2237 LIV
929 2180 1010 2239 cuius
1024 2188 1097 2256 quot
1108 2196 1210 2237 uersus
1224 2178 1298 2254 peri-

51 2278 125 2335 erint
147 2276 299 2335 incertum.
339 2276 388 2334 Ab
407 2276 464 2335 allo
483 2276 568 2351 igitur
586 2275 653 2336 loco
668 2276 890 2353 ingrediendum
903 2286 956 2336 est
998 2275 1070 2335 Post
1082 2294 1108 2335 c.
1123 2276 1265 2335 XXXIV.
1281 2296 1297 2335 a

51 2392 156 2433 uersus
180 2373 287 2432 excidit
310 2372 437 2432 Dianam
456 2376 542 2449 paeri
563 2375 689 2451 integri]
719 2372 798 2433 hunc
822 2374 847 2433 si
870 2375 995 2451 primum
1020 2372 1142 2433 facimus
1165 2375 1299 2450 paginae,

0 2506 2 2513 ,
50 2472 197 2531 XXXIX
213 2486 275 2546 4,5
295 2482 324 2531 et
342 2472 438 2531 XLII.
457 2492 490 2531 12
507 2473 556 2549 qui
577 2473 607 2530 in
628 2471 745 2531 Datano
766 2472 868 2531 codice
888 2472 987 2531 omissi
1008 2472 1134 2531 suntad
1154 2490 1300 2531 summam

51 2572 193 2649 paginam
214 2570 422 2643 seruntur,an
442 2571 526 2631 facile
544 2572 677 2632 excidere
697 2580 862 2649 potuerunt
904 2570 1007 2648 Itaque
1020 2571 1126 2631 horum
1139 2572 1300 2632 carminum

50 2672 125 2731 haec
140 2680 186 2729 est
199 2669 399 2755 dinumeratio.

171 2838 302 2880 cnemis
319 2838 394 2879 ιιιΑι
413 2837 547 2881 emonis.
753 2837 881 2879 nioman
900 2837 1023 2879 suum
1043 2838 1253 2881 nosceremus.

705 2932 846 2991 XXXIV.
877 2952 895 3007 3
923 2931 1051 2991 Diam
1059 2935 1262 3010 pum'integri

52 3029 246 3089 XXXIV.18
275 3026 402 3089 Metiens
416 3028 468 3088 iter
482 3046 612 3089 annum
857 3051 892 3108 19
921 3032 1042 3092 Rustica
1057 3033 1201 3109 agricolae
1215 3032 1302 3092 bonis

53 3128 180 3188 XXXV.
226 3147 245 3203 9
273 3125 402 3186 Euntem
415 3137 534 3186 reuocet
705 3129 831 3189 XXXV.
857 3150 894 3189 10
921 3130 1034 3191 Ambae
1050 3131 1181 3191 iniiciens

53 3226 199 3286 XXXVI.
227 3224 246 3282 6
274 3220 455 3284 Electissima
468 3224 588 3300 pessimi
705 3229 847 3291 XXXVI.
879 3245 895 3305 7
925 3230 1038 3307 Scripta
1050 3231 1193 3309 tardipedi

54 3324 243 3384 XXXVII.1
275 3322 362 3382 Salax
375 3324 497 3382 taberna
706 3329 892 3389 xxxvl1.2
922 3328 950 3386 A
964 3328 1076 3405 pileatis

210 3436 245 3496 ιγ
275 3419 324 3479 Tu
337 3430 452 3497 praeter
465 3438 568 3479 omnes
858 3430 894 3486 18
922 3425 1116 3486 Cuniculosae
1131 3425 1302 3487 Celtiberiae

54 3518 199 3579 XXXIX
229 3538 247 3595 3
276 3518 451 3578 Subsellium
465 3536 532 3578 cum
546 3527 645 3577 orator
707 3523 848 3583 XXXIX.
878 3544 896 3596 4
925 3523 1051 3583 Renidet
1064 3524 1120 3596 ille,
1134 3525 1158 3583 si
1173 3524 1211 3583 ad
1224 3525 1265 3601 pii

209 3636 245 3692 19
273 3616 401 3676 Dentem
415 3625 502 3694 atque
515 3634 629 3676 russam
857 3641 895 3680 20
922 3621 963 3679 Vt
977 3639 1037 3699 quo
1051 3622 1104 3681 iste
1118 3631 1215 3683 uester

55 3718 136 3777 XLI.
230 3736 249 3788 4
275 3710 447 3775 Decoctori's
460 3716 555 3775 amica
706 3718 785 3777 XLI.
876 3733 894 3794 5
922 3719 1080 3798 Propinqui
1094 3721 1200 3799 quibus

54 3816 154 3876 XLII.
212 3832 246 3872 11
277 3812 405 3873 Moecha
418 3812 519 3889 putida
531 3812 621 3873 redde
706 3816 803 3876 XLII.
859 3836 893 3876 ra
925 3816 1028 3877 Redde
1042 3818 1143 3895 putida
1155 3817 1280 3881 moecha

54 3913 170 3975 XLIII.
229 3932 246 3971 a
276 3910 342 3971 Nec
354 3910 431 3970 bello
445 3911 521 3988 pede
707 3914 821 3975 XLIII.
879 3935 897 3992 3
925 3914 990 3977 Nec
1002 3916 1099 3993 longis
1113 3917 1209 3993 digitis

56 4012 169 4073 XLIV.
230 4028 249 4086 9
277 4008 358 4068 Imm
371 4018 558 4086 sumptuosas
707 4011 816 4071 XLIV.
861 4030 897 4070 ιο
924 4010 1002 4072 Nam
1017 4012 1166 4072 Sestianus

57 4110 151 4171 XLV.
230 4126 248 4183 3
277 4106 318 4166 Ni
332 4116 360 4167 te
374 4107 485 4184 perdite
499 4124 568 4167 amo
707 4107 799 4169 XLV.
875 4128 893 4180 4
922 4108 1035 4169 Omnes
1049 4128 1114 4169 sum
1128 4109 1242 4171 assidue

213 4226 248 4283 19
277 4204 365 4265 Nunc
379 4206 418 4264 ab
432 4204 561 4282 auspicio
859 4225 896 4265 ao
923 4206 1034 4266 Mutuis
1047 4207 1151 4267 animis

59 4308 166 4367 XLVI.
229 4307 247 4363 8
277 4305 341 4364 Iam
354 4304 420 4363 laeti
435 4303 531 4363 studio
708 4304 815 4365 XLVI.
877 4326 895 4381 9
923 4305 952 4365 O
966 4305 1066 4365 dialces
1079 4306 1219 4365 comitum

59 4406 200 4467 XLVIII.
231 4425 250 4477 4
279 4402 344 4462 Nec
361 4403 401 4461 mi
415 4419 544 4478 unquam
559 4400 658 4461 uidear
708 4403 847 4463 XLVIII.
878 4419 895 4478 5
924 4403 994 4464 Non
1008 4406 1032 4463 si
1045 4404 1161 4463 densior

59 4506 91 4565 L.
232 4518 250 4578 5
279 4500 412 4560 Ludebat
427 4517 550 4559 numero
707 4501 740 4560 L.
878 4506 896 4560 6
925 4500 1064 4561 Reddens
1078 4510 1178 4560 mutua

662 4604 741 4672 *ea
