3142 5059
311 387 372 444 ter
713 377 769 438 DE
797 375 1058 438 PARTITIONE

313 563 462 642 quendem
483 579 568 624 suurn
590 563 620 621 in
641 563 730 620 imum
750 561 833 621 locus
852 562 1025 638 uoragInem
1045 560 1200 637 demergat
1218 569 1326 638 utpote
1343 559 1481 620 stolidis

313 665 428 722 siolum.
474 663 635 738 Β(44-46)
651 659 802 720 stultitiam
822 661 970 720 describit
1012 659 1116 719 Homo
1134 661 1258 736 supinus
1272 660 1411 738 puellum
1428 660 1481 716 de·

313 761 429 820 licutum
443 777 520 838 quse
539 759 593 820 sibi
614 759 722 836 nupsit,
741 759 880 835 neglegit,
897 757 968 817 niltil
988 759 1076 828 uidet,
1090 757 1161 817 nibil
1182 759 1272 817 audit.
1318 757 1444 816 Rursus
1459 769 1482 813 n

314 861 343 918 In
366 861 413 934 7⁶·
435 859 562 936 itemque
583 857 770 930 ndiuiditur;
792 869 816 915 Δ
833 874 922 916 uersu
942 874 1003 933 quo
1024 857 1162 916 uunsitus
1186 856 1219 914 lit
1241 872 1260 915 4
1277 855 1420 916 Colonia
1442 854 1483 913 od

313 957 418 1018 Catulli
436 967 549 1028 notum,
565 967 584 1012 rt
598 975 684 1016 uersu
701 974 735 1015 rr
757 953 837 1014 Talai
856 957 906 1013 iste
923 973 998 1012 meur
1016 961 1116 1030 stupor
1128 953 1174 1012 m'l
1191 954 1267 1011 ui'det
1285 955 1370 1012 nihil
1386 955 1483 1010 audii.

314 1055 374 1116 Sed
402 1075 440 1116 ne
468 1059 510 1116 sle
537 1055 656 1132 quidem
684 1055 785 1114 omnia
817 1053 1006 1130 explieentur.
1058 1051 1137 1112 Nam
1167 1054 1282 1128 priores
1319 1054 1484 1128 utriusque

313 1155 451 1234 strophse
464 1155 600 1228 4444444
615 1157 667 1228 (m
682 1155 730 1224 ua)
747 1151 810 1224 in4
829 1171 844 1210 2
864 1168 877 1208 r
895 1149 1049 1210 discedunt
1064 1154 1117 1222 (44
1130 1149 1260 1207 rusa*
1275 1151 1386 1206 nann'
1403 1151 1484 1218 nam)

312 1269 390 1328 quse
414 1251 468 1310 sibi
493 1251 620 1310 inuicem
644 1261 673 1310 et
697 1249 804 1308 eodem
828 1248 1009 1324 respondent
1031 1248 1144 1308 ordine.
1184 1247 1304 1306 Alteras
1329 1251 1484 1322 πεμπὰς

314 1367 453 1409 senorum
467 1365 605 1407 uersuum
620 1347 699 1407 haud
713 1349 775 1407 seio
790 1365 829 1406 un
843 1364 905 1405 non
919 1358 1027 1406 temere
1041 1347 1072 1404 in
1088 1366 1144 1419 4,4
1159 1345 1249 1405 ethic
1264 1355 1294 1404 et
1309 1345 1344 1404 in
1358 1347 1482 1404 minore

313 1447 441 1506 editione
456 1445 620 1505 diuiserim:
641 1445 745 1506 melius
762 1445 886 1504 sortasse
899 1445 1028 1520 priorem
1041 1445 1073 1502 in
1088 1463 1137 1516 44,
1150 1444 1351 1520 posteriorem
1365 1447 1397 1502 io
1416 1465 1445 1514 4,
1461 1464 1479 1514 4

313 1543 515 1604 distribueris..
545 1543 623 1603 Nam
637 1554 669 1604 ut
682 1543 826 1602 FrunRIus
839 1543 920 1613 uidit,
934 1559 953 1601 a
965 1559 1055 1601 uersu
1070 1561 1107 1616 43
1121 1541 1210 1600 Nunc
1222 1560 1284 1599 eum
1297 1544 1369 1600 uolo
1383 1545 1418 1600 de
1434 1551 1482 1600 tuo

306 1649 388 1718 porte
411 1643 517 1700 resilere
535 1651 658 1718 prmum
681 1641 796 1702 uidetur
819 1657 899 1700 nouo
922 1639 1020 1699 inferri
1043 1641 1194 1700 sententia.
1237 1640 1349 1717 Itaque
1377 1651 1479 1700 totum

313 1745 403 1816 σχῆμ
417 1739 475 1802 boc
490 1739 551 1802 est¹

665 1833 685 1879 Α
718 1836 733 1896 4
761 1841 778 1894 4
804 1841 819 1881 4
925 1831 945 1878 n
975 1834 991 1896 7
1010 1841 1061 1893 44

718 1899 1053 2070 [ΞΗ

354 2143 389 2204 C.
405 2143 548 2216 XXXVI,
564 2145 712 2207 XXXVII
732 2149 804 2207 nure
817 2149 892 2208 inter
906 2166 938 2206 se
951 2149 1148 2207 conuenirmt:
1169 2163 1239 2204 num
1260 2156 1295 2204 ut
1319 2147 1354 2206 in
1372 2166 1411 2206 ro
1421 2165 1446 2204 x
1459 2167 1474 2204 4

313 2253 467 2320 utrunque,
492 2243 532 2302 ita
553 2245 659 2320 siuguli
680 2245 748 2304 deni
769 2264 822 2322 per
840 2246 895 2306 lios
917 2263 1056 2305 numeros
1078 2264 1116 2320 43
1138 2245 1191 2304 sed
1211 2245 1293 2302 uarie
1313 2247 1477 2305 ordinatos

315 2339 492 2416 digeruntur.
534 2341 569 2400 In
591 2341 733 2401 XXXVI.
751 2363 784 2402 rr
808 2345 960 2404 transitum
979 2343 1089 2404 faciunt
1109 2344 1200 2402 uerba
1212 2341 1302 2401 Num
1314 2362 1331 2400 4
1345 2347 1477 2402 caeruleo

312 2445 406 2496 creata
429 2443 519 2512 ponto,
542 2439 572 2496 in
595 2438 751 2500 XXXVII.
767 2459 799 2500 11
826 2441 929 2500 Puella
956 2459 1021 2500 nam
1048 2441 1180 2516 reiquae
1203 2458 1259 2498 meo
1285 2442 1357 2499 simu
1372 2443 1476 2519 sugr'l.

314 2533 379 2594 Iam
394 2534 527 2594 XXXVI
543 2547 564 2594 Α
580 2537 609 2594 in
791 2564 962 2670 Ι--Π-Ι

785 2689 970 2746 4334

312 2802 444 2873 discedit,
466 2806 630 2886 pariterque
652 2808 803 2868 XXXVII
817 2821 849 2880 Δ,
870 2827 1040 2888 quanquam
1060 2810 1297 2886 iuterpunctione
1318 2809 1475 2881 dIssimili;

312 2900 371 2958 hoc
390 2901 469 2959 enim
488 2905 530 2962 sic
550 2923 582 2964 se
601 2907 689 2966 habet
712 2926 759 2983 43,
776 2927 830 2983 34;
853 2907 924 2966 illud
937 2907 979 2967 sic
996 2927 1022 2978 4,
1039 2926 1086 2982 33,
1104 2927 1130 2966 4.
1172 2907 1306 2966 XXXVI
1324 2918 1344 2964 n
1366 2921 1421 2968 aut
1442 2911 1473 2967 in

199 3003 202 3008 '
317 3017 395 3075 3443
411 3001 504 3060 autin
521 3021 599 3079 4343
616 3005 762 3066 scinditur.
805 3005 917 3066 Versus
931 3018 998 3065 sunt

517 3161 604 3223 Nunc
620 3163 781 3224 Ocaeruleo
795 3173 890 3225 creata
897 3173 989 3242 ponto,

521 3259 598 3332 Quat
609 3269 734 3321 sanctum
748 3261 873 3323 Idalricm
896 3263 1028 3340 Vrr'orque
1039 3270 1155 3338 4444144,

520 3359 646 3436 Quaeque
658 3359 775 3419 Ancona
792 3361 965 3437 Cnidumque
976 3361 1205 3429 hammda'trosam,

520 3457 605 3529 Coh‘s,
618 3475 735 3534 quaeque
747 3459 932 3529 Amathunta,
946 3477 1065 3536 quaeque
1081 3457 1194 3534 Golgos,

520 3553 646 3632 Quaeque
659 3555 860 3616 Durrachium
873 3556 985 3616 Adriae
997 3557 1150 3626 tabernam,

314 3707 413 3766 PossIs
439 3720 488 3769 aut
514 3723 584 3788 post
607 3718 716 3790 apertos
742 3713 871 3773 Incidere
896 3725 947 3774 aut
970 3722 1038 3792 post
1061 3713 1294 3772 harundinosam.
1339 3713 1410 3776 Hoc
1437 3719 1468 3775 in

315 3801 441 3863 Horatio
469 3809 643 3883 probaturus
670 3828 770 3882 eram3
799 3811 923 3870 illudio
948 3809 1064 3872 Catullo
1092 3810 1221 3888 praetuli,
1248 3819 1281 3869 ut
1305 3811 1467 3890 simplicius

316 3899 481 3974 (artificium
505 3905 583 3964 enim
609 3909 683 3984 sapit
707 3907 776 3967 Illud
798 3907 995 3968 Horatianum
1012 3918 1046 3967 ut
1066 3926 1177 3967 nouam
1196 3909 1350 3984 stropham
1364 3929 1468 3970 uersus

313 3997 431 4058 inducat
446 4001 528 4061 cuius
542 4013 610 4079 post
626 4006 753 4082 primum
770 4006 948 4065 uocabulum
967 4006 1191 4083 interpungitur)
1206 4016 1236 4064 et
1249 4005 1321 4083 quin
1334 4005 1466 4067 Catullus

314 4097 443 4158 carmina
457 4099 513 4157 nisi
527 4101 721 4178 interpunctio
736 4103 766 4162 in
781 4103 838 4163 fine
852 4122 955 4164 uersus
968 4106 1103 4180 quamuis
1117 4104 1189 4162 leuis
1203 4103 1297 4174 fuerit,
1311 4121 1376 4164 non
1392 4107 1466 4166 solet

312 4195 449 4256 Incidere.
491 4196 535 4257 Ea
552 4217 641 4275 quam
660 4198 716 4258 leui
734 4209 841 4272 utanrr,
855 4219 891 4260 ex
906 4201 1065 4261 XXXVII.
1084 4221 1182 4260 rr-ro
1197 4201 1381 4280 intellegitur.
1424 4203 1464 4262 Hi

576 4397 584 4427 ¹
601 4400 673 4446 Aliter
686 4399 797 4448 Frankiur
809 4401 847 4462 qui
862 4401 895 4450 rie
907 4402 1012 4452 describit
1031 4412 1044 4465 3
1059 4400 1064 4468 Ι
1079 4416 1096 4465 4
1107 4414 1200 4463 .11.4.
