3142 5059
462 386 692 448 CARMINVM
721 385 911 446 CATVLLI.

352 627 387 685 Α.
406 645 430 686 1.
473 625 612 686 Carmina
626 627 745 704 paribus
760 643 877 703 semper
891 623 1027 702 strophis.

145 755 188 817 C.
203 755 263 816 VII
285 757 314 816 in
336 773 387 817 ses
409 756 544 834 strophas
565 757 642 817 cadit
664 756 802 816 binorum
822 773 959 815 uersuum
980 752 1010 833 (a
1023 751 1086 832 xo)
1105 755 1198 813 simile
1218 763 1263 814 est

91 854 207 933 Priap.
219 853 338 914 XXXII
360 853 427 914 Vuis
441 856 553 913 aridior
565 855 660 930 puello
678 855 771 929 poteri
785 852 877 912 Baxo
892 853 1030 928 pallidior
1046 870 1170 928 nouaque
1189 869 1263 923 cero,

92 953 194 1030 quod
208 964 321 1031 septem
335 952 471 1031 strophas
484 954 572 1013 habet
585 953 721 1012 binorum
737 955 768 1026 (a
780 966 801 1009 >(
814 955 854 1026 7).

146 1050 200 1109 De
214 1069 239 1109 c.
251 1049 339 1109 XXX
353 1051 412 1110 dixi
425 1051 485 1110 iam
499 1049 537 1110 ad
551 1050 657 1109 locum.
698 1047 744 1107 Ex
758 1047 825 1119 hoc,
840 1047 974 1106 nondum
987 1046 1069 1106 lectis
1083 1063 1159 1122 quae
1173 1044 1211 1104 de
1224 1063 1262 1104 eo

93 1149 287 1224 scripserant
300 1148 415 1224 Anglus
434 1149 465 1208 in
483 1148 607 1226 Ephem.
622 1147 715 1208 Class.
730 1145 783 1206 IV.
801 1159 868 1221 297,
888 1143 954 1203 XV.
969 1158 1036 1219 107,
1053 1142 1262 1202 Lachmannus

93 1249 134 1305 in
155 1244 276 1322 Bergkii
289 1256 318 1306 et
332 1245 465 1306 Caesaris
479 1245 558 1305 Diar.
573 1245 673 1321 Antiq.
692 1246 778 1317 1845,
798 1261 826 1320 p.
839 1262 908 1318 492,
930 1251 1063 1318 putaram
1083 1258 1176 1299 unum
1196 1257 1261 1299 uer·

93 1361 177 1402 sum
191 1353 259 1420 post
273 1363 291 1418 3
307 1343 451 1403 excidisse
459 1363 467 1416 ;
489 1344 520 1403 id
534 1345 641 1402 sinere
655 1351 718 1400 tum
733 1342 897 1416 suspicatus
913 1336 1073 1418 snm-(et
1086 1338 1177 1415 potui,
1191 1355 1262 1398 nam

95 1441 261 1499 'I'heocriti
273 1440 407 1512 Ἦλαότη
427 1441 508 1518 quod
526 1441 633 1501 eodem
654 1449 748 1499 metro
769 1440 909 1515 scriptum
930 1446 983 1509 est,
998 1454 1060 1496 non
1081 1446 1178 1514 potest
1198 1439 1262 1492 emi

96 1539 157 1596 eoo
172 1538 311 1613 distribui,
327 1550 372 1600 est
391 1541 470 1600 enim
487 1554 523 1614 25
538 1538 869 1614 uersuum—carminis
884 1537 959 1596 duae
973 1545 1041 1595 sunt
1054 1545 1160 1612 partes,
1175 1553 1261 1595 seno·

97 1654 176 1696 rum
190 1646 339 1714 utraeque,
354 1637 459 1715 quibus
472 1639 659 1714 interpositus
673 1646 718 1696 est
731 1654 809 1696 unus
823 1653 877 1712 pro
892 1635 1021 1695 Mesodo

258 1765 340 1826 Eleu
353 1767 549 1846 quodfacront,
563 1769 629 1838 dice,
643 1768 763 1826 homines
776 1769 854 1825 msice
867 1766 1099 1842 habeontfidem?

101 1897 201 1956 Nunc
215 1915 283 1957 cum
297 1899 489 1959 Lachmanno
503 1909 531 1958 et
545 1899 728 1976 Westphalio
740 1887 781 1979 (p.
794 1898 874 1975 271).
918 1898 1040 1977 Sappho
1054 1898 1101 1958 uel
1116 1897 1259 1958 Alcaeum

102 1994 259 2054 Catullum
279 1996 326 2057 hic
347 1997 489 2056 imitatum
511 1998 640 2057 arbitror.
695 1997 798 2074 ltaque
819 2000 883 2054 κατὰ
903 1997 951 2053 δύο
972 1996 1112 2067 distribui,
1134 1996 1188 2055 sed
1211 1999 1259 2064 ita,

102 2103 141 2152 ut
166 2093 267 2154 relicto
290 2105 359 2172 post
381 2115 398 2170 3
421 2095 546 2154 duorum
571 2095 675 2173 spatio,
701 2103 795 2154 totum
820 2113 857 2154 ex
882 2094 1103 2170 quatuordecim
1127 2096 1260 2154 uersibus

103 2201 245 2252 constare
264 2193 376 2252 faciam.

150 2320 186 2381 C.
202 2320 347 2394 XXXIII,
371 2320 434 2392 XL,
460 2321 530 2381 XLI
555 2322 612 2382 hoc
636 2323 744 2382 habent
768 2341 935 2395 commune,
961 2323 1043 2399 quod
1067 2324 1167 2381 omnia
1191 2334 1260 2382 sunt

106 2429 179 2479 octo
196 2438 343 2479 uersuum.
387 2417 445 2479 Sed
464 2419 600 2480 XXXIII
620 2422 650 2479 in
665 2439 723 2493 4,4
744 2421 928 2480 distributum
949 2432 1010 2493 est;
1033 2421 1098 2492 XL,
1113 2421 1183 2479 XLI
1198 2439 1260 2481 non

106 2517 207 2576 solum
221 2518 251 2575 in
266 2536 294 2589 4,
307 2538 324 2590 4
340 2517 393 2577 sed
407 2518 510 2576 iterum
525 2517 554 2575 in
571 2537 618 2590 22,
635 2538 671 2576 aa
689 2519 869 2590 scinduntur,
883 2519 913 2577 id
930 2520 1009 2577 enim
1028 2520 1058 2577 in
1076 2519 1146 2578 XLI
1161 2519 1259 2579 Catul-

106 2615 170 2674 lum
185 2615 313 2675 uoluisse
327 2627 411 2676 acute
425 2617 572 2694 perspexit
587 2615 775 2687 Ribbeckius,
791 2635 859 2676 cum
877 2618 956 2676 idem
974 2618 1151 2678 uocabulum
1166 2620 1260 2693 puella

106 2713 227 2773 alternis
242 2714 372 2774 uersibus
391 2732 403 2772 1
418 2732 434 2788 3
447 2729 492 2790 57
509 2714 662 2792 scripserit,
671 2715 716 2790 bis
735 2723 803 2792 post
813 2725 946 2792 quartam
957 2715 1098 2793 syllabam
1113 2719 1154 2789 (1,
1168 2719 1199 2792 7)
1214 2717 1260 2776 bis

109 2822 180 2888 post
195 2821 307 2872 sextam
325 2815 367 2888 (3,
380 2815 421 2886 5).

336 2967 388 3006 ι·-
396 2942 523 3001 Ameana
536 2943 633 3020 puella
646 2942 771 3021 desoluto

440 3039 471 3097 T
465 3048 509 3099 oto
522 3043 601 3100 molto
614 3060 656 3100 me
667 3042 752 3101 decem
759 3045 887 3118 poposcit,

396 3136 459 3196 Ista
471 3140 608 3214 turpiculo
621 3140 716 3216 puella
729 3159 806 3211 noso,

436 3235 594 3295 Decoctoris
608 3239 697 3295 amolo
711 3235 869 3298 Formiani.

395 3333 562 3410 Propinqui,
576 3334 674 3410 qut'bos
687 3341 728 3392 er!
739 3334 835 3410 puella
848 3352 940 3404 curae,
1055 3380 1058 3386 .

436 3430 547 3489 Amicos
561 3431 722 3507 medi'cosque
735 3439 883 3490 conuocato.
899 3507 905 3515 ι

396 3525 464 3587 Non
477 3536 518 3587 cst
528 3547 599 3587 sono
613 3529 718 3605 puella,
732 3549 779 3587 nec
793 3547 897 3605 rogare

439 3624 537 3697 Quolt's
550 3627 665 3686 salsole!
675 3646 721 3686 aer
734 3628 926 3704 r'otoginosum.

147 3768 183 3828 C.
199 3767 332 3829 XLVIII
353 3770 434 3846 quod
458 3771 496 3830 ad
518 3770 684 3830 quentium
709 3771 824 3849 scripsit
845 3770 975 3831 Catullus
999 3781 1106 3847 sponte
1130 3771 1161 3830 in
1186 3771 1261 3832 duas

107 3868 245 3945 strophas
260 3869 401 3929 trinomm
416 3870 556 3930 scinditur
571 3867 602 3947 (3
613 3884 634 3927 ><
647 3867 686 3948 a).

636 4072 672 4131 A.
695 4072 734 4132 II.

148 4198 321 4259 Carminum
339 4200 362 4270 I,
379 4199 461 4271 XVI,
476 4199 589 4271 XXXI,
607 4199 694 4258 LVII
715 4218 774 4260 uno
796 4210 840 4260 est
861 4202 950 4274 rati03
973 4203 1137 4279 pariterque
1156 4201 1256 4272 XVII,

108 4297 251 4368 XXXVI,
266 4296 423 4370 XXXVII,
438 4297 533 4357 XLII.

147 4394 182 4454 C.
201 4395 214 4452 I
233 4403 262 4453 et
281 4395 367 4455 LVII
384 4407 506 4473 unaque
525 4397 669 4455 denorum
688 4408 764 4468 sunt,
784 4395 837 4456 sed
856 4413 917 4455 non
937 4397 1097 4456 diuisurum
1118 4397 1255 4458 similiter.

640 4517 657 4560 r
673 4519 693 4582 p
709 4519 727 4566 2
