3142 5059
316 384 363 441 rrvi
707 386 1072 448 PROLEGOMENA.

316 566 424 637 nensis,
440 564 601 626 Guilelmus
613 566 826 645 Pastrengieus,
840 568 984 639 Petrarca,
999 568 1053 627 alii.
1097 566 1162 627 Nec
1175 568 1331 644 quisquam
1349 566 1462 627 dubitet

317 668 458 745 exemplis
477 686 545 726 eum
564 686 634 727 mox
654 668 835 745 diuulgatum
854 668 958 728 fuisse:
979 669 1089 728 tardius
1107 678 1207 727 tamen
1223 667 1253 727 id
1270 668 1378 727 factum
1391 667 1462 725 hinc

317 775 446 841 apparet,
461 764 644 841 quodetiam
658 766 870 844 quinquaginta
888 779 957 844 post
972 768 1056 826 annis
1070 767 1237 843 exemplum
1252 766 1356 825 Catulli
1370 764 1463 824 Colu-
1515 769 1521 773 '

317 864 365 923 cio
387 864 551 922 Florentiae
573 864 679 940 agenti,
703 866 766 923 ulro
791 867 866 923 Inter
890 867 999 942 primos
1021 866 1141 936 literato,
1164 873 1281 941 praesto
1305 882 1367 923 non
1389 873 1463 934 erat,

317 972 380 1021 tum
394 962 474 1039 quod
490 962 521 1019 in
535 962 717 1033 Philobibli0‚
732 981 821 1039 quem
841 963 945 1022 librum
965 964 1002 1023 de
1019 964 1169 1022 codicibus
1189 963 1303 1039 scripsit
1316 962 1463 1020 Ricardus

318 1062 465 1121 Buriensis
472 1058 490 1133 ¹,
505 1061 586 1121 nulla
602 1062 663 1121 eius
679 1062 756 1121 sacta
776 1073 822 1121 est
841 1064 961 1123 mentio.
1003 1062 1062 1121 Sed
1075 1081 1137 1121 non
1151 1064 1291 1121 assentior
1307 1062 1463 1120 Schwabio

317 1160 502 1219 existumanti
524 1160 675 1218 inuentum
694 1161 829 1219 codicem
848 1162 997 1220 neminem
1015 1161 1230 1237 transcripsisse
1248 1171 1314 1219 ante
1328 1177 1396 1218 eum
1411 1159 1463 1236 qui

318 1276 398 1317 anno
429 1270 506 1331 1375
536 1258 790 1334 Sangennanense
822 1260 989 1335 exemplum
1017 1260 1154 1318 exarauit.
1209 1259 1287 1317 Dicit
1314 1258 1361 1317 hic
1387 1276 1464 1316 sane

316 1356 423 1415 nullum
445 1356 527 1413 aliud
544 1362 643 1415 extare
663 1358 807 1432 exemplar
828 1359 899 1415 unde
913 1365 1004 1433 posset
1023 1359 1111 1417 libelli
1127 1358 1227 1417 halen
1246 1360 1348 1433 copiam
1367 1375 1462 1415 exent-

310 1455 431 1530 plandi,·
452 1456 531 1514 unde
545 1474 613 1515 uere
628 1456 770 1532 colligitur
784 1456 880 1532 ipsum
893 1457 974 1515 illurn
987 1458 1120 1516 codicem
1134 1457 1356 1533 transcripsisse,
1371 1473 1463 1531 quem

316 1555 529 1629 quinquaginta
543 1565 610 1613 ante
626 1554 711 1613 annis
725 1555 905 1614 Veronensis
922 1556 1089 1615 inuenisset
1133 1554 1192 1615 Sed
1211 1573 1272 1613 non
1294 1555 1363 1614 dicit
1382 1554 1463 1613 unici

316 1651 392 1709 illius
419 1652 545 1728 exempli
572 1653 747 1729 exemplaria
775 1672 794 1712 a
821 1654 901 1713 nullo
927 1655 985 1714 alio
1009 1653 1087 1713 iacta
1107 1672 1182 1725 esse,
1205 1654 1356 1729 quomodo
1381 1654 1462 1713 enim

317 1751 423 1809 sciret?
472 1751 583 1810 Verum
611 1754 759 1811 enimuero
788 1753 934 1812 Catullum
961 1755 1151 1813 transcribere
1178 1755 1340 1823 meditatus,
1367 1771 1463 1811 unum

317 1849 452 1909 codicem
472 1850 545 1909 uidit
565 1860 662 1909 extare
684 1852 844 1927 antiquum,
864 1863 894 1911 et
914 1871 982 1911 eum
1002 1864 1187 1929 corruptum
1209 1871 1268 1930 quo
1288 1862 1388 1911 tamen
1409 1852 1461 1911 de-

316 1948 408 2006 creuit
421 1949 555 2024 quamuis
570 1959 707 2026 corrupto
721 1952 770 2021 uti,
785 1951 880 2009 donec
894 1962 1056 2027 emergeret
1069 1952 1172 2028 aliquis
1186 1952 1330 2010 sincerior.

358 2046 464 2106 Incidit
484 2047 532 2106 hic
551 2050 692 2125 quaestio,
712 2060 780 2125 post
798 2050 950 2109 inuentum
968 2050 1049 2108 illum
1066 2051 1186 2109 unicum
1204 2050 1339 2109 codicem
1355 2067 1462 2108 omnes

317 2145 410 2203 abeo
430 2145 593 2223 transcripti
614 2145 727 2217 suerint,
748 2166 786 2206 an
808 2148 898 2207 serius
918 2148 948 2206 in
969 2148 1065 2207 lucem
1085 2148 1155 2207 alter
1176 2148 1321 2225 prodierit,
1342 2166 1379 2205 ex
1399 2164 1462 2223 quo

317 2242 427 2320 aliquot
444 2245 495 2303 sed
512 2246 650 2320 pauciora
664 2246 799 2322 exempla
813 2247 943 2306 deriuata
962 2247 1027 2306 sint
1069 2245 1205 2317 Codices
1218 2256 1251 2305 ut
1264 2245 1331 2316 dixi,
1346 2257 1462 2322 praeter

317 2340 511 2401 Thuanaeum
533 2343 563 2401 in
587 2344 647 2403 duo
669 2362 778 2419 genera
801 2345 983 2419 diuiduntur3
1005 2344 1126 2403 alterum
1147 2343 1177 2403 G
1195 2354 1224 2403 et
1242 2345 1303 2403 eius
1324 2344 1462 2403 similium

316 2457 392 2515 quae
416 2440 543 2499 marrim
565 2445 649 2501 turba
671 2453 722 2513 est,
745 2441 866 2501 alterurn
887 2442 917 2500 D
937 2451 967 2500 et
986 2443 1048 2501 eius
1069 2442 1205 2500 similium
1225 2440 1411 2501 Riccardiani
1432 2452 1462 2500 et

316 2538 408 2596 nostri
433 2538 542 2597 codicis
566 2558 594 2598 a.
646 2540 748 2617 ltaque
778 2539 939 2600 uidendum
966 2540 1039 2599 haec
1062 2540 1122 2599 duo
1149 2558 1258 2617 genera
1284 2558 1323 2598 an
1350 2540 1462 2617 aliquid

316 2632 445 2692 habeant
464 2644 525 2693 tam
544 2636 699 2707 diuersum,
715 2646 747 2695 ut
765 2638 804 2695 ab
820 2655 882 2695 uno
899 2636 980 2695 fonte
997 2636 1168 2712 profluxisse
1182 2647 1316 2714 nequeat.
1359 2636 1462 2696 Habet

317 2732 402 2807 igitur
417 2732 445 2791 D
459 2733 533 2792 haec
548 2736 591 2793 sui
606 2736 739 2811 propria:

362 2849 386 2887 1.
408 2829 523 2891 Omittit
537 2832 677 2891 XXXIX.
695 2852 721 2905 4,
739 2848 756 2908 5
770 2832 891 2892 Rem'det
902 2836 1081 2908 ille-mater,
1095 2834 1191 2895 XLII.
1206 2854 1240 2893 ta
1256 2833 1350 2893 Redde
1360 2836 1461 2911 patrita

316 2930 424 2987 moecha
445 2930 588 3000 codicillos,
617 2930 712 2990 LXII.
729 2945 776 3005 54,
793 2945 831 3006 55
850 2932 894 2990 At
914 2937 945 2992 si
951 2936 1034 3013 sorte
1053 2936 1143 2993 eadem
1163 2930 1297 2993 est'ulmo
1317 2936 1459 2992 coniuncta

316 3027 419 3083 marr'to
445 3025 541 3084 Multi
564 3027 642 3085 ellam
669 3032 808 3104 agricolae
841 3032 926 3090 multi
955 3034 1090 3091 accoluere
1123 3033 1233 3091 eiacenci
1261 3032 1369 3091 LXIV.
1400 3032 1459 3105 258

315 3124 398 3182 Pars
421 3144 475 3183 sese
497 3128 577 3183 tortis
598 3129 765 3201 serpentibus
788 3131 962 3206 cmagcbant
980 3130 1074 3212 (abest
1095 3133 1183 3190 etiam
1202 3150 1222 3190 a
1241 3128 1459 3209 Riceardiano),

316 3220 423 3280 LXIV.
441 3225 509 3297 362,
526 3241 542 3298 3
558 3219 682 3301 Denique
698 3230 772 3286 testes
785 3230 841 3286 erit
853 3232 940 3287 morti
951 3249 1051 3305 quoquc
1064 3231 1170 3289 reddita
1181 3231 1289 3306 praeda
1305 3228 1377 3289 Cum
1390 3236 1460 3287 teres

350 3487 357 3517 ¹
374 3490 450 3537 Norat
461 3490 490 3537 Α.
500 3489 608 3544 Gellium,
620 3490 683 3537 euius
694 3490 813 3537 historiam
824 3492 853 3538 de
864 3490 949 3553 Sibylla
959 3492 990 3553 (I.
1000 3492 1042 3555 19)
1053 3492 1163 3553 excerpit,
1175 3492 1214 3539 sed
1225 3492 1291 3538 ualde
1302 3491 1460 3547 immutatum,

316 3581 432 3635 praeterea
452 3572 509 3618 citat
528 3571 567 3619 VI.
582 3583 612 3619 to
624 3574 657 3633 (p.
672 3568 729 3634 246)
742 3572 784 3620 Vl.
798 3571 828 3620 16
839 3575 874 3635 (p.
888 3573 946 3636 ²33)
964 3575 1088 3637 Prologum
1107 3576 1140 3635 (p.
1157 3572 1231 3635 246):
1253 3582 1321 3621 norat
1340 3574 1460 3628 Ouidium,

316 3654 438 3701 lloratIum
455 3654 517 3701 cuius
535 3654 596 3700 Artis
613 3656 720 3701 Poeticae
743 3656 829 3716 profert
845 3671 885 3703 uu.
897 3669 954 3718 343,
966 3668 1014 3718 353
1032 3658 1066 3717 (p.
1083 3657 1149 3718 257),
1170 3657 1301 3704 Martialem
1320 3657 1384 3704 orius
1403 3658 1460 3704 citat

315 3735 381 3799 Epig.
393 3736 411 3783 I.
421 3748 467 3799 39;
485 3736 601 3783 Valerium
614 3736 752 3796 Mardmum,
765 3738 828 3785 euius
839 3738 895 3785 citat
906 3740 964 3785 duos
975 3739 1038 3785 locos
1049 3738 1089 3786 IV.
1099 3751 1122 3799 3,
1133 3738 1197 3787 VIII.
1207 3749 1229 3801 7,
1240 3740 1337 3786 Senecae
1348 3740 1461 3800 Epistulas

316 3818 350 3879 (p.
365 3816 432 3879 264).
447 3818 540 3864 Suetoni
552 3818 617 3865 Vitas
628 3820 752 3867 Caesarum
764 3822 799 3882 (p.
812 3819 879 3884 269),
891 3822 1072 3868 Grammatiosm
1083 3822 1174 3869 Phocae
1185 3825 1220 3883 (p.
1233 3822 1300 3884 245),
1311 3823 1459 3879 Priscianum,

316 3900 434 3947 Donatum
447 3902 480 3961 (p.
495 3900 561 3963 247),
573 3902 735 3949 cassiodorum
751 3904 778 3950 de
793 3904 938 3951 Institutione
955 3904 1082 3951 ditrinarum
1099 3905 1215 3951 literarum
1227 3907 1261 3966 (p.
1276 3905 1343 3966 257),
1358 3906 1460 3953 Platonis

316 3982 463 4029 Phaedonem
481 3982 563 4030 Latine
578 3998 708 4045 expressum
721 3986 754 4046 (p.
766 3983 833 4047 261).
866 3988 985 4033 Praeterea
1002 3997 1170 4034 commemorat
1186 3988 1236 4043 hos,
1253 3988 1365 4035 incertum
1382 4003 1413 4035 an
1430 3992 1460 4036 ab

316 4065 366 4126 ipso
379 4066 449 4114 lectos
460 4080 490 4112 an
501 4066 524 4112 in
536 4068 623 4127 scriptis
634 4068 716 4116 citatos
728 4070 826 4116 aliomm
836 4085 859 4131 p.
870 4082 882 4116 a
886 4082 914 4130 51
928 4069 1106 4134 ‘Quidseeisset
1119 4070 1234 4132 Vergilius
1245 4069 1383 4118 botherum
1390 4080 1460 4133 poeta

317 4148 470 4209 ‘pruritum
481 4150 501 4195 si
514 4148 657 4197 Theocritum
669 4150 802 4199 Lateretium
813 4162 835 4200 et
844 4153 973 4200 Homerum
989 4153 1082 4199 minim
1092 4152 1210 4213 spoliasset
1224 4162 1246 4200 et
1256 4154 1280 4200 ia
1290 4168 1370 4201 mm
1383 4156 1460 4202 ulula

314 4234 323 4257 ⁴
335 4246 380 4276 nore
391 4234 506 4278 errasset?
540 4232 606 4297 Quid
614 4234 659 4280 nisi
668 4236 820 4282 Parthenium
828 4232 1004 4297 Pindarumque
1014 4236 1078 4282 culus
1089 4236 1239 4297 eloquentiam
1251 4251 1296 4282 nora
1307 4238 1375 4283 moda
1383 4240 1460 4298 potuit

317 4320 325 4341 ‘
336 4314 425 4362 inuitari
435 4314 578 4377 aliqumem
587 4316 722 4365 lectitassett
756 4318 822 4382 Quid
831 4318 956 4364 Sallustius
966 4318 1057 4365 Tullius
1064 4316 1175 4366 Boethius
1182 4318 1316 4365 Macrobius
1326 4320 1461 4368 lactantius

315 4402 322 4424 ⁴
334 4397 469 4443 Martianus
479 4397 525 4443 imo
537 4405 584 4444 tota
595 4399 674 4445 colors
685 4400 825 4463 generaliter
835 4399 974 4447 mmm
988 4400 1163 4448 siAtberrarum
1175 4402 1252 4449 studio
1267 4402 1305 4449 uel
1316 4402 1460 4449 Graecorum

316 4486 322 4504 ⁴
336 4478 454 4525 uolumina
466 4493 511 4525 nort
523 4479 659 4527 uidisseatl'
