3142 5059
513 390 872 455 PROLEGOMENA.
1173 393 1262 451 xxxiii

113 578 220 654 plicem
249 579 311 637 siue
339 596 392 655 per
420 578 503 637 binas
531 579 683 638 columnas
711 578 897 655 duplicatum.
952 575 1025 635 Mox
1050 594 1104 652 pro
1131 577 1167 634 16
1193 576 1264 634 liber

114 678 224 735 alterne
237 696 291 753 per
309 680 344 734 16
359 686 388 735 et
406 690 439 751 17
457 678 579 753 scriptus
593 687 653 747 est;
676 686 704 737 et
723 677 800 737 hanc
818 676 1048 735 numerationem
1067 676 1156 734 credo
1176 675 1207 733 in
1226 692 1263 733 eo

114 771 202 831 luisse
221 774 334 845 codice,
348 775 427 834 unde
446 774 625 833 Thuanaeus
646 774 684 833 ab
705 776 794 833 altera
814 785 903 848 parte,
923 774 960 831 ab
981 773 1070 831 altera
1084 772 1264 831 Veronensis

114 870 323 945 profluxerrmt.
366 870 433 931 Hos
448 873 526 930 enim
541 890 601 929 non
616 873 654 929 ab
668 872 733 948 ipso
748 872 852 930 ductos
870 870 959 929 luisse
978 871 1136 947 archetypo
1156 870 1264 929 docent

114 968 145 1025 in
158 968 299 1027 omnibus
313 970 411 1027 amissi
425 987 527 1027 uersus
546 979 613 1045 post
630 968 725 1026 LXII.
742 988 790 1041 32·
834 966 894 1039 Qui
913 968 1047 1043 quamuis
1066 969 1214 1043 potuerint
1234 968 1265 1024 in

114 1065 275 1141 archetypo
289 1067 368 1125 eradi
382 1076 411 1124 et
425 1066 502 1125 hanc
515 1067 555 1125 ob
569 1084 688 1125 eausam
707 1085 762 1125 nec
781 1068 812 1123 in
827 1065 1022 1124 Thuanaeum
1041 1084 1097 1123 nec
1111 1064 1264 1123 Veronen-

116 1180 179 1220 sem
193 1165 335 1233 uenerint,
349 1173 378 1221 at
397 1181 457 1221 non
476 1165 546 1223 satis
566 1166 607 1223 sic
626 1164 785 1239 explicatur
800 1174 961 1222 ceterorum
980 1180 1118 1222 uersuum
1137 1164 1167 1220 in
1185 1164 1264 1221 simi-

115 1258 191 1319 libus
206 1260 278 1319 locis
292 1261 418 1319 amissio.
463 1260 550 1331 Nam,
563 1270 596 1319 ut
614 1262 681 1331 dixi,
697 1262 868 1319 exciderunt
885 1261 916 1319 in
930 1261 1093 1319 Thuanaeo
1109 1279 1156 1335 30,
1172 1261 1221 1329 62,
1234 1262 1265 1317 in

116 1348 283 1416 Veronensi
301 1377 345 1429 14,
386 1359 477 1434 Atqui
501 1377 602 1417 uersus
626 1362 663 1417 62
687 1376 748 1416 non
771 1359 848 1417 cadit
871 1360 901 1415 in
928 1360 1017 1416 imam
1040 1376 1095 1416 nee
1119 1375 1265 1416 summam

117 1456 258 1531 paginam
279 1456 334 1515 nisi
355 1474 417 1515 non
437 1458 595 1514 numeratis
616 1456 747 1515 uersibus
767 1456 818 1531 qui
839 1466 906 1531 post
921 1475 957 1529 3²
974 1456 1151 1514 exciderunt.
1193 1454 1265 1513 Non

117 1553 204 1627 igitur
226 1554 266 1611 ab
286 1554 351 1630 ipso
372 1554 530 1629 archetypo
551 1554 712 1628 descriptus
731 1564 775 1613 est
794 1572 850 1611 nec
864 1554 1043 1612 Thuanaeus
1063 1571 1119 1611 nec
1140 1553 1165 1611 is
1185 1554 1266 1611 unde

117 1650 206 1708 ceteri
225 1662 423 1726 prouenerunt
442 1652 568 1710 codices.
611 1650 705 1709 Iidem
719 1661 818 1708 tamen
832 1650 993 1708 certissima
1005 1651 1129 1725 uestigia
1144 1668 1213 1726 prae
1233 1667 1266 1708 se

117 1747 216 1807 ierunt
233 1748 347 1806 numeri
365 1750 409 1805 16.
451 1748 512 1806 Aut
531 1748 617 1823 Igitur
636 1749 674 1805 ab
692 1747 850 1822 archetypo
865 1748 982 1806 tralatus
1000 1746 1052 1805 luit
1065 1749 1113 1806 hic
1127 1764 1266 1805 numerus

118 1844 158 1903 ad
177 1863 246 1903 eum
264 1845 399 1903 codicem
418 1846 497 1905 unde
516 1846 572 1904 orti
591 1855 659 1904 sunt
672 1845 701 1903 T
715 1855 744 1904 et
764 1847 868 1917 ceteri;
889 1856 939 1905 aut
957 1847 1136 1921 archetypon
1150 1864 1203 1921 per
1220 1847 1266 1916 16,

119 1944 216 2002 codex
237 1943 275 2001 de
296 1961 355 2018 quo
376 1942 522 2019 loquitnur
542 1961 594 2018 per
612 1946 647 1999 16
662 1952 691 2000 et
709 1956 743 2017 17
759 1953 928 2002 numeratus
949 1953 1001 2002 est.
1043 1944 1153 2002 Versus
1170 1942 1265 2001 LXII.

123 2058 160 2111 14
175 2041 316 2117 septimus
330 2040 461 2099 decimus
475 2040 568 2099 fuerat
581 2041 722 2115 paginae;
744 2059 772 2099 u.
786 2058 826 2115 3ο
839 2050 938 2099 sextus
953 2041 1084 2099 decimus
1098 2042 1266 2117 proximae,

119 2158 149 2197 u.
166 2151 203 2212 47
229 2138 371 2213 septimus
394 2138 526 2197 decimus
550 2138 649 2197 tertiae
660 2156 668 2209 ;
697 2156 725 2195 u.
742 2140 778 2194 62
802 2139 920 2214 quintus
944 2139 1083 2207 decimus,
1107 2140 1145 2211 63
1168 2147 1268 2196 sextus

120 2235 254 2293 decimus
268 2245 397 2311 quartae,
412 2246 444 2293 ut
463 2234 546 2293 facile
564 2235 642 2293 illinc
660 2235 734 2293 elabi
750 2235 904 2310 potuerint
948 2233 1022 2292 Mox
1039 2234 1069 2291 hi
1085 2234 1199 2292 numeri
1222 2236 1267 2303 16,

124 2346 160 2406 17
177 2332 208 2389 in
221 2332 347 2408 paginas
366 2351 403 2407 33
418 2350 557 2391 uersuum
573 2350 673 2391 rursus
690 2332 785 2391 coacti
805 2341 882 2390 sunt.
924 2330 1007 2403 Quot
1020 2349 1122 2390 uersus
1137 2332 1269 2406 singulae

120 2430 249 2507 paginae
269 2429 422 2495 habuerint
442 2428 505 2488 libri
526 2430 588 2490 eius
609 2431 659 2506 qui
680 2431 797 2489 ineunte
819 2429 936 2487 saeculo
956 2428 1030 2486 XIV
1051 2429 1201 2487 Veronam
1223 2446 1268 2485 re-

120 2527 227 2585 ductus
248 2536 293 2586 est
313 2528 456 2599 nescitur3
479 2526 601 2588 fortasse
624 2545 671 2601 33,
686 2546 775 2603 quem
796 2544 950 2585 numerum
971 2526 1059 2585 habet
1079 2526 1173 2585 codex
1196 2525 1270 2583 San·

120 2624 333 2699 germanensis.
376 2623 434 2683 Sed
450 2624 508 2683 iarn
525 2626 599 2684 erasi
613 2634 695 2683 erant
708 2625 791 2683 multi
804 2642 915 2695 uersus,
929 2624 1012 2682 multi
1030 2624 1110 2682 tituli.
1153 2622 1269 2681 Titulos

121 2731 221 2787 autem
243 2739 313 2791 non,
328 2732 361 2780 ut
382 2720 558 2792 Schwabius,
574 2732 645 2797 puto
665 2739 739 2780 aeuo
754 2722 836 2798 quod
855 2722 954 2781 dicunt
972 2722 1080 2793 medio,
1095 2722 1148 2780 sed
1169 2721 1269 2797 primis

120 2827 191 2895 post
203 2816 351 2877 Christum
361 2828 462 2876 natum
473 2818 595 2877 saeculis
610 2819 733 2895 scriptos
744 2818 840 2877 luisse.
875 2819 1047 2879 Sermonem
1061 2820 1139 2877 enim
1153 2836 1223 2894 prae
1238 2837 1270 2877 se

121 2916 220 2974 ierunt
230 2933 293 2974 non
303 2916 449 2991 impurum
459 2934 515 2975 nec
526 2916 698 2986 illiteratum,
708 2918 761 2975 sed
772 2917 865 2993 qualis
876 2917 949 2976 solet
959 2934 1023 2975 esse
1035 2916 1268 2975 Scholiastarum.

122 3012 195 3071 Non
210 3013 357 3072 absimiles
373 3013 444 3071 tituli
459 3024 527 3072 sunt
540 3016 702 3073 carminum
714 3014 855 3084 Ausonii;
877 3014 1020 3090 etquidem
1031 3014 1135 3073 Catulli
1149 3014 1271 3072 carmini

121 3109 241 3167 XXXV
255 3110 416 3185 praefixum
432 3120 475 3168 est
489 3110 541 3168 Ad
553 3111 703 3170 Caecilium
718 3111 791 3169 rubet
801 3112 921 3170 libellum
935 3114 1017 3187 loqui,
1033 3113 1156 3171 Ausonii
1169 3111 1269 3186 Epigr.

122 3206 258 3264 XXXIV
271 3206 324 3263 Ad
339 3207 459 3265 libellum
478 3226 559 3265 suum
578 3209 648 3283 quid
658 3210 750 3283 puteus
767 3210 835 3265 uelit
848 3211 934 3266 tzireas
948 3210 994 3266 uel
1004 3212 1113 3267 carr'em.
1157 3207 1193 3265 In
1207 3209 1271 3283 qui-
1358 3200 1362 3205 ’

120 3304 250 3363 busdam
271 3303 392 3379 uestigia
413 3314 481 3363 sunt
501 3306 686 3381 antiquitatis
708 3316 740 3364 ut
760 3306 791 3363 in
810 3324 835 3364 c.
851 3305 937 3363 Lcui
957 3307 1154 3382 praepositum
1176 3315 1220 3362 est
1240 3305 1271 3361 in

122 3402 244 3460 Datano
258 3400 310 3458 Ad
318 3400 478 3472 Lucziuum,
494 3412 523 3461 et
538 3421 563 3460 c.
579 3402 681 3462 LXIII
702 3404 784 3463 cuius
805 3404 903 3462 titulus
923 3414 968 3463 est
986 3403 1032 3461 De
1049 3402 1227 3460 Berectittlu'a
1247 3408 1274 3458 et

122 3500 195 3557 Alb'.
240 3498 342 3575 Ipsum
355 3499 424 3558 illud
439 3500 519 3575 quod
534 3501 564 3557 in
581 3502 722 3578 principio
742 3501 807 3559 libri
825 3511 882 3559 stat
898 3500 1010 3560 Catulli
1026 3500 1185 3557 Veronensis
1201 3500 1271 3557 liber

122 3598 223 3671 rha‘pit
234 3596 275 3653 ad
287 3595 447 3655 Cornelzicm
461 3598 612 3674 antiquum
626 3598 739 3668 habeo;
759 3598 890 3658 Catullus
903 3599 982 3656 enim
996 3616 1015 3655 a
1028 3596 1122 3655 Plinio
1137 3598 1271 3656 Ausonio

123 3693 280 3752 Macrobio
301 3692 402 3751 Nonio
423 3693 572 3753 Prisciano
586 3693 764 3753 Veronensis
787 3695 948 3771 appellatus
969 3705 1021 3754 est.
1063 3694 1212 3755 Inscitiam
1234 3697 1272 3756 de

123 3810 184 3868 qua
201 3792 273 3849 dixit
288 3790 456 3850 Schwabius
477 3802 527 3851 aut
547 3793 655 3851 nullam
677 3810 741 3852 esse
762 3795 885 3852 arbitror
905 3803 955 3852 aut
975 3794 1037 3852 aliis
1057 3794 1271 3870 adsignandam

123 3906 215 3965 quam
229 3890 263 3947 iIs
278 3889 328 3963 qui
342 3889 439 3947 titulos
452 3890 538 3965 primi
552 3890 733 3949 addiderrmt.
776 3889 863 3949 Certe
882 3907 943 3948 non
959 3892 1061 3950 inscite
1075 3893 1214 3967 scriptum
1227 3903 1272 3950 est

124 3995 193 4044 ante
216 4004 240 4044 c.
257 3984 360 4043 XXXI
382 3985 435 4042 Ad
455 3984 593 4044 sirmam
618 3988 746 4058 rusulum,
768 4005 824 4045 nec
849 3997 917 4045 ante
938 3988 1041 4045 XXIX
1058 3988 1110 4045 Ad
1119 3988 1271 4047 Romulum

127 4085 308 4153 caramerum,
324 4101 393 4140 nam
408 4082 545 4141 Sirmium
561 4084 663 4159 legitur
677 4085 763 4143 etiam
777 4086 808 4143 in
821 4086 1014 4161 Inscriptione
1029 4086 1177 4145 Orelliana
1192 4090 1269 4161 3⁶¹7

125 4182 213 4259 (domo
231 4180 341 4237 Flauiis
361 4179 477 4259 Sirmi,
498 4181 653 4240 Catamitus
675 4192 772 4240 autem
794 4183 938 4258 quaedam
962 4201 979 4241 e
1002 4183 1111 4242 Saturis
1131 4184 1273 4241 Varronis

124 4280 269 4356 appellata
290 4289 343 4337 est.
387 4278 446 4338 Sed
467 4296 528 4337 non
549 4298 628 4355 nego
649 4281 842 4339 sinceritatem
866 4281 1014 4339 titulomm
1036 4282 1181 4340 erroribus
1203 4281 1272 4338 scri·

124 4378 227 4436 barum
252 4376 383 4435 uitiatam
406 4393 486 4448 esse;
509 4377 587 4435 unde
612 4388 640 4435 et
665 4376 761 4436 titulus
783 4396 807 4435 c.
824 4376 870 4435 ΙΙΙ
892 4376 989 4435 Fletus
1008 4378 1140 4435 Passeris
1158 4376 1274 4434 Lesbz'ae

685 4486 728 4547 *f
