3142 5059
534 356 893 418 PROLEGOMENA.
1253 354 1282 411 in

134 540 186 616 qui
217 558 235 599 a
268 539 375 599 Catulli
405 542 480 603 libro
509 541 653 619 profluere
685 552 849 617 potuerunt.
900 540 1034 601 Guilelm.
1063 538 1217 598 Malmesb.
1243 537 1283 594 II.

136 639 152 714 ξ
175 654 231 715 159
256 639 359 699 Mater
377 644 485 717 puellae
507 662 576 718 quae
602 642 809 701 combinatum
828 642 912 717 fileae
934 642 1129 717 adunaretur
1153 638 1284 695 ancillam

135 738 234 795 adiuta
256 742 342 797 noctis
362 740 478 799 tenebrr's
493 740 581 799 cubili
596 742 727 815 apposuit,
743 742 880 816 uirginem
893 758 960 797 sane
979 757 1026 795 ncc
1046 738 1218 813 rmkgamcm
1237 755 1286 793 ncc

136 836 286 910 illepidam.
322 836 358 895 cs.
373 837 436 897 Cat.
452 838 488 897 X.
505 858 565 913 3,4
588 837 759 909 Scortrtlum,
780 844 814 895 ut
832 838 905 895 milti
923 844 981 896 tum
1002 842 1106 913 repente
1125 837 1216 892 urium
1236 841 1283 905 est,

137 934 201 994 Nec
221 954 292 995 sane
310 936 449 1011 illepidum
469 958 516 995 nec
534 940 718 995 iuuentutem.
760 935 891 995 Gualteri
903 934 1109 995 Alexandreid.
1124 932 1208 992 VIII.
1225 935 1284 1007 385

138 1030 190 1089 Sic
203 1052 305 1108 quaque
318 1035 406 1092 multa
424 1038 500 1109 cupis
517 1054 586 1111 quae
605 1053 657 1093 non
675 1037 758 1109 capis.
788 1033 823 1093 ci.
841 1032 903 1093 Cat.
918 1032 1014 1092 LXII.
1032 1046 1087 1109 197
1112 1030 1189 1102 Quae
1208 1032 1286 1105 cupis

138 1134 225 1205 capis.
239 1190 243 1197 ,
268 1129 326 1190 Sed
341 1131 414 1190 haec
428 1132 544 1204 incerta,
559 1149 614 1191 nec
628 1149 797 1207 quenquam
811 1131 947 1189 nouimus
961 1132 1012 1207 qui
1032 1140 1100 1206 post
1114 1128 1285 1187 Ratherium

139 1226 247 1286 Catulli
261 1228 366 1287 librum
383 1228 483 1305 legerit
502 1238 569 1287 ante
588 1247 697 1287 annum
716 1247 802 1303 13³9·
843 1228 890 1286 Eo
904 1247 984 1289 anno
998 1228 1138 1304 scriptum
1150 1237 1195 1285 est
1208 1225 1286 1284 flori-

139 1326 250 1402 legium
277 1326 429 1385 moralium
461 1328 663 1386 auctoritatum
691 1326 771 1402 quod
799 1337 857 1385 tres
884 1344 987 1385 uersus
1015 1325 1119 1385 Catulli
1146 1324 1287 1395 continet,

138 1422 241 1481 XXII.
254 1442 360 1498 19·²1·
390 1424 420 1483 Is
434 1424 514 1495 liber,
529 1443 617 1501 quem
632 1424 767 1484 Veronae
781 1426 812 1483 in
826 1422 1007 1484 Bibliotheca
1020 1422 1178 1501 Capitulari
1192 1441 1285 1499 nuper

139 1523 253 1581 inuenit
279 1522 474 1594 DetlessenuS,
500 1543 536 1582 er
565 1524 670 1582 eodem
697 1524 834 1599 exemplo
861 1541 920 1600 quo
947 1540 1018 1581 usus
1045 1532 1107 1581 erat
1130 1521 1285 1581 Ratherius

140 1623 330 1698 transcriptus
357 1623 482 1681 creditur
510 1642 528 1681 a
556 1621 718 1681 Schwabio.
775 1622 843 1693 Sed,
870 1632 903 1681 ut
933 1631 1019 1683 antea
1050 1621 1118 1693 dixi,
1146 1620 1216 1679 nihil
1247 1620 1284 1679 de

140 1719 272 1778 Ratherii
286 1719 361 1779 libro
377 1720 536 1779 memoriae
553 1721 689 1779 traditum
708 1730 761 1791 est,
776 1739 871 1798 neque
889 1720 946 1779 hoc
962 1740 1000 1779 ex
1013 1721 1222 1797 epigrammate
1236 1719 1286 1776 illo

140 1818 261 1896 dequo
282 1839 352 1879 mox
374 1821 501 1881 dicturus
526 1840 592 1881 sum
612 1820 815 1879 Alaunium
838 1823 916 1879 uenio
936 1822 1025 1897 longr's
1045 1822 1076 1878 de
1087 1822 1198 1897 finibus
1216 1818 1289 1877 exul

138 1919 203 1976 iure
217 1919 368 1994 colligitur.
400 1917 540 1977 Ceterum
554 1918 659 1979 eodem
674 1919 733 1979 fere
748 1927 880 1996 tempore
895 1919 1057 1979 Guilelmus
1071 1919 1286 1995 Postrengicus,

140 2020 193 2095 qui
206 2020 279 2077 uixit
292 2020 369 2079 clrca
386 2023 574 2095 1295-1360,
589 2022 629 2079 ab
641 2021 753 2097 oppido
771 2031 870 2079 autem
889 2023 1050 2098 appellatus
1067 2020 1206 2096 estquod
1224 2036 1286 2079 non

139 2118 231 2193 longe
251 2118 335 2177 abest
356 2136 374 2177 a
393 2118 522 2190 Verona,
543 2120 573 2177 in
595 2119 668 2177 libro
690 2116 779 2195 quem
803 2120 917 2196 scripsit
941 2119 978 2178 de
1000 2120 1168 2196 Originibus
1188 2136 1285 2177 rerum

140 2227 268 2292 quatuor
291 2216 364 2275 locis
388 2215 494 2275 Catulli
518 2218 696 2276 mentionem
718 2216 803 2276 secit-
837 2215 913 2288 Hos,
938 2219 975 2275 ab
998 2216 1130 2293 Hauptio
1151 2214 1286 2295 (Quaest.

140 2333 170 2391 p.
188 2328 215 2387 5,
231 2311 262 2391 6)
284 2325 447 2391 excerptos,
472 2316 604 2392 apposui.
658 2313 703 2394 (ι)
726 2335 755 2392 p.
774 2319 829 2374 16·
851 2316 984 2375 editionis
1006 2314 1158 2374 Michaelis
1180 2313 1287 2389 Angeli

141 2410 258 2484 Blondi,
280 2430 355 2488 quae
377 2413 483 2489 prodiit
504 2413 635 2472 Venetiis
659 2432 684 2473 a.
709 2413 897 2473 MDXLVII.
942 2414 1062 2471 Bencs'us
1083 2411 1288 2488 Langobardos

135 2518 225 2586 gente,
241 2513 341 2585 patria
360 2513 586 2582 Alexandriam,
611 2512 818 2589 Caricsgrandri
836 2511 940 2590 (Cam's
954 2508 1090 2590 pandis)
1107 2512 1204 2587 primi,
1225 2511 1288 2568 inde

140 2615 264 2683 nepotum
277 2611 469 2681 cancellarius,
483 2630 601 2687 magnae
612 2613 785 2670 litteraturae
797 2615 855 2683 uir,
869 2614 988 2670 omnimo
1001 2610 1288 2687 historiographorum

139 2710 248 2783 scripta
264 2709 432 2783 complectens
450 2716 476 2767 ct
491 2727 511 2767 a
529 2710 628 2767 mundi
637 2713 832 2769 constructione
844 2713 991 2769 exordium
1005 2730 1112 2768 armans
1126 2715 1288 2767 cunctarum

135 2808 264 2882 gentium
284 2808 424 2868 nationum
446 2826 542 2884 regum
556 2809 771 2884 populorumque
791 2811 912 2867 omnium
935 2810 1022 2867 semul
1038 2815 1117 2885 gesta
1139 2809 1288 2877 contexuit,

140 2914 208 2979 opus
216 2907 336 2981 grande,
352 2904 477 2963 uolumen
491 2908 657 2978 immensum,
671 2908 745 2982 quod
760 2910 790 2965 in
808 2914 865 2967 tres
883 2910 1020 2966 demorans
1037 2915 1078 2965 cst
1090 2916 1193 2983 partes,
1208 2913 1241 2964 ut
1256 2906 1289 2962 de

141 3003 190 3061 illo
207 3004 268 3061 dici
279 3005 371 3079 possit
389 3006 464 3080 quod
480 3006 579 3063 scribit
598 3004 757 3063 Veronensis
770 3014 850 3081 pocta
868 3007 958 3065 dicans
971 3006 1068 3064 Ausus
1090 3007 1194 3082 quidem
1216 3024 1289 3062 uma

141 3100 284 3159 Italorum
307 3121 382 3160 omne
403 3121 500 3161 aeuum
522 3103 612 3161 tribus
633 3105 775 3179 explicare
798 3105 905 3163 chartis
927 3114 953 3164 ,1.
975 3105 1158 3163 uoluminibus
1178 3100 1289 3177 Iupiter

141 3201 226 3257 doctis
246 3207 273 3257 et
291 3200 452 3259 laboriosis!
496 3202 542 3275 (2)
565 3220 593 3279 p.
613 3198 669 3259 18b
689 3202 841 3262 ‘Catullus
862 3202 1021 3262 Veronensis
1033 3210 1123 3277 poeta,
1147 3200 1289 3260 Ciceronis

141 3305 313 3370 ‘coetaneus
335 3298 439 3357 librum
463 3302 545 3357 uarro
569 3306 718 3358 metrorum
737 3321 838 3378 gaure
860 3309 1021 3371 exaratum,
1045 3300 1132 3358 multa
1156 3301 1243 3356 r'ocosa
1264 3303 1291 3354 ct

142 3404 150 3428 ‘
158 3398 267 3473 placita
277 3400 459 3469 continnrtem,
470 3399 617 3457 scotaso'ca
627 3400 765 3475 legendum
779 3402 899 3458 tradsilit
911 3397 1293 3458 Protholomacicllexandri

142 3496 345 3571 ‘temporibus’
396 3492 440 3575 (3)
462 3515 490 3572 p.
506 3499 565 3570 85⁸
588 3496 789 3557 ‘Mamutram
812 3498 971 3557 Romanum
999 3500 1136 3574 asparlone,
1161 3495 1289 3554 Formiis

142 3600 150 3627 ⁴
166 3602 271 3665 mmm,
285 3593 392 3652 Romae
403 3596 531 3670 primum
545 3600 708 3655 marmorcis
721 3600 824 3656 crustis
841 3602 923 3657 totius
936 3599 1031 3655 mmm
1044 3616 1111 3655 suae
1125 3593 1244 3671 parntes
1259 3597 1290 3652 in

142 3700 150 3725 ‘
169 3693 263 3753 Caelia
277 3700 363 3751 monte
376 3696 502 3768 operci'ssc
518 3692 665 3754 Cornelius
678 3694 771 3771 Nepos
784 3703 810 3753 et
821 3697 939 3754 Plinius
954 3696 1088 3773 riserunt.
1122 3693 1290 3769 Addiditque

142 3790 379 3869 ‘Conclusam
399 3794 522 3866 primum
544 3794 605 3850 totis
626 3793 737 3851 acdc'bus
759 3795 866 3851 nullam
889 3797 979 3852 nisit
1002 3811 1140 3852 marmore
1163 3792 1289 3851 Caristco

142 3892 317 3950 ‘columnam
339 3892 456 3949 solr'clam
477 3891 621 3949 latuisse!
665 3890 709 3971 (4)
731 3889 792 3950 88b
811 3892 906 3951 Siculi
922 3894 1009 3952 libros
1025 3895 1149 3967 moinum
1170 3895 1289 3950 crrmcm·

140 3990 229 4048 culm
242 3995 384 4065 caeperunt
395 4006 455 4046 acm
469 3996 531 4046 ante
537 3992 757 4065 pumicarcntur,
768 3993 801 4048 cic
813 4011 865 4067 quo
877 3992 1007 4052 Catullm
1023 3990 1159 4062 Ouidana
1172 3990 1290 4065 lepidum

142 4108 243 4147 nouum
264 4088 384 4147 libellum
405 4088 508 4145 orrida
529 4088 604 4145 modo
616 4088 743 4147 Punicae
760 4092 919 4165 expolitum.
959 4088 1036 4148 Idem
1052 4090 1093 4169 (h
1105 4109 1129 4148 e.
1146 4086 1288 4166 Isidorus)

142 4184 261 4247 Horum
276 4188 408 4246 locorum
423 4188 521 4245 tertius
535 4206 571 4247 ex
587 4187 659 4245 Plini
674 4187 714 4245 H.
727 4188 764 4246 N.
780 4189 921 4248 XXXVI.
934 4192 972 4262 48
987 4198 1121 4265 sumptus
1134 4198 1187 4246 est
1214 4186 1287 4245 Pri-

141 4306 217 4345 mum
237 4284 347 4345 Romae
367 4288 488 4361 parietes
512 4294 608 4344 crusta
635 4290 783 4346 marmoris
808 4292 944 4364 operuisse
966 4295 1031 4347 totos
1055 4288 1149 4345 domus
1171 4304 1237 4343 suae
1258 4287 1289 4341 in

145 4384 238 4446 Caelio
252 4392 338 4444 mont
353 4383 501 4444 Cornelius
515 4382 607 4459 Nepos
621 4386 711 4444 tradit
722 4384 909 4447 Mamurram
920 4386 1046 4468 Formiis
1060 4391 1163 4454 naum,
1177 4385 1289 4458 equitem

691 4489 736 4551 *c
