3142 5059
549 399 606 460 AD
633 399 789 460 XXXVII.
808 419 852 458 ιο.
1207 399 1265 456 323

127 577 276 654 Quartilla
295 583 393 641 ‘enam
414 583 536 643 domuc
554 583 630 644 uobr's
650 587 680 643 in
699 591 783 644 mente
802 589 849 656 est,
869 602 931 643 cum
950 585 1044 642 sciatis
1063 581 1174 659 Priapi
1187 584 1268 659 gerr'o

123 684 133 709 ‘
143 680 326 755 perurgebant
339 680 463 738 deberil'

172 776 246 837 Cum
269 777 395 854 Ascyltos
414 784 554 854 grauatus
581 783 621 837 io!
640 779 722 837 malr's
746 781 777 837 in
802 797 925 837 summm
952 777 1098 851 laberetur,
1122 779 1174 836 illa
1200 798 1269 856 quae

124 877 238 934 intarta
251 877 362 952 depulsa
368 878 477 954 fuerat
488 879 591 936 anct'lla
603 877 800 956 iolamsaciem
813 879 871 936 a'us
877 877 1007 955 salignae
1021 879 1103 954 longa
1115 877 1271 955 perfricuit

124 982 154 1033 et
164 993 221 1032 aon
233 977 371 1034 sentientis
383 977 464 1034 labra
478 977 653 1054 humerosque
664 979 765 1053 sopiti.
781 1021 789 1036 .
804 1020 811 1035 .
825 977 921 1034 mabsar
928 977 1037 1052 pinxit.

170 1073 252 1146 Quid
272 1075 303 1132 in
327 1075 561 1150 sopitionibus
587 1075 674 1134 lateat
693 1076 835 1134 incertum
859 1085 911 1133 est.
960 1075 989 1133 A
1009 1076 1153 1134 literamm
1178 1073 1268 1132 ductu

126 1173 263 1249 proxime
280 1174 362 1232 abest
383 1174 490 1250 sopiti
518 1174 703 1234 titionibus
724 1173 760 1233 cl.
775 1172 870 1249 Priap.
885 1172 967 1230 XIV.
987 1192 1023 1231 10
1037 1174 1118 1248 quod
1132 1171 1268 1232 exhibere

126 1289 223 1348 marg.
236 1270 271 1329 L.
287 1271 373 1331 docet
386 1272 596 1346 Buechelerus3
617 1292 712 1350 neque
726 1273 783 1331 hoc
798 1271 906 1332 Idcirco
920 1273 1116 1349 respuendum
1129 1271 1268 1348 estquod

126 1391 200 1431 non
228 1373 413 1432 sentientis
433 1374 596 1450 praecedat,
610 1392 679 1432 nam
700 1373 806 1432 horum
826 1375 981 1432 uerborum
1001 1375 1156 1447 ἐπεξὴγησιε
1171 1383 1267 1450 potest

125 1488 195 1528 esse
206 1471 312 1547 sopiti
323 1476 397 1530 ‘non
408 1472 556 1531 sentientis
564 1481 596 1530 ut
604 1473 653 1548 qui
665 1473 775 1548 sopitus
786 1471 879 1530 esset!
902 1471 993 1544 Quod
1003 1471 1268 1547 ipseBuechelerus

126 1569 211 1629 dedit
231 1569 366 1647 ‘supini
391 1568 614 1630 carbonibus’
638 1569 863 1643 (carbonibus
883 1569 1113 1643 Hildebrandus)
1129 1571 1177 1627 uix
1195 1582 1267 1646 puto

125 1667 160 1725 in
179 1667 416 1743 sopitionibus
434 1667 578 1744 corrumpi
593 1667 730 1742 potuisse.
772 1665 813 1724 H.
823 1668 859 1726 Α.
869 1666 1002 1726 Kochius
1016 1668 1268 1744 scriptionibus

125 1764 178 1824 hic
192 1782 310 1841 quoque
324 1765 480 1840 legendum
494 1773 609 1836 censet;
631 1765 677 1824 cui
697 1765 797 1824 nescio
816 1785 855 1824 an
873 1783 935 1823 non
952 1765 1136 1842 praenderim
1154 1766 1269 1825 Heinsii

125 1862 364 1922 emendationem
386 1863 632 1939 seopionibus3
658 1863 728 1921 nihil
748 1864 827 1921 enlm
848 1863 968 1922 adrem
989 1865 1083 1939 aptius
1100 1872 1161 1922 erat
1178 1881 1267 1939 quam

126 1971 161 2019 ut
174 1959 245 2018 uino
256 1977 389 2020 marcens
403 1960 507 2020 ancilla
519 1960 600 2020 ebrio
611 1960 810 2020 temulentiam
820 1962 999 2038 exprobrans
1010 1961 1197 2038 seopionibus
1207 1962 1266 2022 be.

125 2075 253 2117 unarum
270 2058 410 2134 pediculis
423 2068 563 2135 tanquam
581 2059 721 2135 penicillis
739 2059 845 2118 faciem
863 2060 925 2118 elus
939 2059 1117 2136 depingeret.
1159 2060 1268 2121 Omnia

126 2155 210 2214 enim
232 2154 279 2215 hic
299 2156 338 2216 ad
358 2156 525 2215 ebrietatem
546 2157 707 2216 referuntiu
728 2158 951 2233 ‘gustatione
971 2157 1121 2218 mirifica
1140 2158 1269 2220 initiati

127 2254 237 2313 ‘uiuo
260 2254 408 2314 Falerno
436 2255 658 2315 inundamur'
687 2256 770 2316 ‘alii
797 2257 890 2316 circa
912 2257 1020 2333 pedes
1047 2257 1268 2318 discumben-

127 2353 239 2412 ‘tium
261 2354 373 2429 sparsi
396 2353 564 2426 iacebant,
586 2355 645 2414 alii
667 2356 859 2432 parietibus
882 2357 1049 2433 appliciti,
1070 2357 1209 2433 quidam
1234 2360 1268 2418 in

127 2452 232 2528 ‘ipso
260 2452 377 2510 limine
405 2453 604 2513 conlunctis
631 2456 832 2513 marcebant
855 2455 1047 2531 capitibus,'
1069 2455 1203 2516 lucernae
1217 2457 1268 2516 de-

128 2549 233 2621 fectae,
247 2549 337 2610 fracta
350 2569 368 2610 a
382 2551 461 2628 Syris
475 2551 588 2628 lagena,
602 2553 705 2612 ancilla
725 2571 813 2629 super
832 2563 928 2612 torum
948 2572 1089 2626 marcens,
1103 2555 1180 2616 iures
1200 2575 1269 2616 cum

128 2647 306 2724 deprehensi
326 2661 423 2710 essent
446 2651 570 2710 excitata
593 2660 674 2726 parte
695 2652 841 2710 ebriorum
864 2661 1016 2712 stertentes
1039 2663 1179 2729 tanquam
1198 2655 1269 2717 olim

129 2747 314 2806 dormissent
364 2747 557 2824 Scopiones
583 2748 611 2808 h.
628 2767 652 2808 e.
681 2750 833 2826 pediculos
859 2768 982 2810 uuamm
1008 2752 1157 2828 usurpauit
1179 2752 1269 2813 Colu-

128 2847 218 2910 mella
231 2846 282 2906 XI
300 2867 347 2923 39.
361 2867 379 2924 3
401 2848 454 2908 Vbi
469 2851 540 2908 satri
559 2855 710 2928 corrugata
731 2857 816 2909 aunt
832 2853 915 2910 acr'rm
928 2852 1024 2910 demeto
1039 2859 1065 2910 et
1078 2855 1138 2912 sr'rte
1157 2857 1270 2933 scopi-¹

129 2945 260 3006 onibus
283 2946 514 3023 (selpionibus
538 2947 636 3021 codd)
659 2950 690 3006 ir
709 2947 812 3007 doleam
831 2951 950 3008 carrata.
990 2948 1106 3010 Eodem
1125 2955 1270 3013 uocabulo

129 3061 202 3104 usus
219 3053 264 3102 est
277 3061 330 3120 pro
349 3043 489 3121 pediculis
506 3047 639 3123 asparagi
653 3045 706 3106 XI.
719 3066 746 3122 3.
759 3049 798 3119 46
813 3045 905 3106 Stilus
917 3050 1055 3125 asparagi
1065 3052 1117 3125 qai
1126 3055 1271 3111 musone

128 3141 288 3200 auronum
305 3149 419 3218 tempore
438 3145 571 3216 raserint,
585 3163 638 3202 non
651 3147 739 3204 amru's
751 3153 792 3204 est
803 3147 933 3204 tollendas
948 3147 997 3204 sed
1012 3149 1108 3222 aliqua
1121 3159 1195 3224 pars
1212 3153 1271 3210 er'as

129 3242 162 3300 in
181 3259 269 3299 terren
287 3240 466 3300 sudmtlleada
486 3248 532 3300 est.
572 3241 680 3300 Darde
698 3261 759 3301 cum
778 3247 887 3319 spritum
895 3245 1004 3322 secerr't
1020 3245 1106 3302 eleclr's
1125 3247 1271 3305 smarr'bus

122 3339 200 3414 ,ipsis
224 3340 412 3415 seopiones
438 3339 657 3416 (scorpiones
679 3341 778 3413 codd.)
798 3343 838 3399 ito
856 3343 901 3398 uti
914 3348 982 3399 sunt
998 3345 1029 3399 in
1045 3361 1096 3400 sao
1113 3343 1168 3401 loca
1184 3353 1270 3417 peru-

130 3437 216 3496 rendi
230 3442 303 3508 sunt,
324 3437 373 3496 ubi
398 3438 586 3514 seopiones
611 3436 774 3498 Columella
795 3437 863 3497 dicit
882 3456 956 3514 quas
978 3456 1104 3514 scopas
1125 3439 1269 3500 Palladius

130 3533 227 3610 IV.9.
246 3553 281 3592 12
303 3534 405 3594 Postea
430 3553 556 3612 scopas
579 3537 637 3594 aits
659 3537 826 3612 (asparagi)
848 3535 977 3596 amande.
1018 3535 1112 3595 Varro
1134 3537 1170 3597 R.
1185 3538 1222 3598 R.
1244 3540 1268 3598 I.

130 3649 219 3710 54.a
248 3635 436 3712 seopiones
463 3653 585 3695 uuarum
612 3651 740 3712 scopos
768 3635 901 3712 appellat.
951 3635 1029 3708 Quae
1053 3636 1174 3695 caturae
1199 3656 1270 3696 uuae

129 3739 213 3792 arati
237 3751 333 3791 comm
361 3734 460 3810 scopi
485 3753 547 3792 cum
559 3733 703 3811 fhllr'cmis
724 3732 876 3791 adsumi
892 3733 944 3791 sad
960 3734 1077 3809 prelum,
1099 3742 1132 3793 ut
1153 3737 1184 3793 si
1202 3739 1273 3812 quill

130 3831 236 3910 reliqui
252 3831 370 3890 habeam
391 3833 479 3890 mmu'
495 3834 676 3907 exprt'raalur
696 3833 727 3889 in
749 3832 858 3890 eundem
879 3832 977 3911 lamna.
1020 3833 1117 3893 Ib.II.
1134 3837 1212 3907 4.16
1234 3833 1273 3894 Si

117 3928 238 4008 suadas
257 3930 407 4000 marioni,
422 3931 490 3987 dari
506 3931 592 3988 solent
610 3931 723 3987 aarum
742 3949 777 3988 ac
804 3930 900 4006 scopi
929 3950 967 3990 ex
987 3934 1059 4003 uati,
1081 3933 1130 3992 ubi
1152 3934 1269 3992 codices

131 4019 254 4102 s‘copei
276 4026 324 4088 uel
346 4028 483 4104 scropei
502 4026 647 4100 exhibent,
662 4028 745 4088 etsie
760 4027 835 4088 Cato
849 4029 887 4088 R.
901 4028 939 4088 R.
954 4029 1049 4089 CXII.
1064 4049 1081 4106 3
1101 4030 1170 4088 Turn
1186 4034 1269 4090 arira

130 4125 163 4182 de
175 4126 240 4184 uari
256 4125 381 4183 mucellae
397 4125 526 4202 decerptis
544 4127 575 4184 de
596 4128 719 4204 scopio
745 4127 928 4204 (scopi0ne
948 4126 1117 4208 Politianus)
1126 4150 1135 4202 ;
1156 4132 1186 4188 in
1200 4131 1268 4188 taem

130 4222 234 4282 doleam
257 4242 342 4301 usqae
362 4225 426 4283 dura
450 4224 603 4300 implereris
625 4228 809 4301 comprensio..
843 4226 901 4286 Sed
925 4238 1071 4304 utcunque
1093 4228 1130 4287 de
1153 4229 1269 4288 Petroni

131 4322 200 4381 loco
234 4332 372 4383 statutum
407 4322 500 4396 suerit,
528 4323 659 4384 Catullus
695 4325 928 4402 seopionibus
962 4328 1011 4385 uix
1043 4328 1136 4403 potuit
1163 4327 1267 4386 dicere.

131 4417 212 4482 Nihil
243 4421 322 4481 enim
349 4421 397 4482 hic
424 4421 461 4480 de
490 4422 668 4496 temulentia,
695 4441 864 4500 quanquam
891 4426 921 4482 in
950 4426 1075 4484 tabernis
1105 4425 1269 4486 huiusmodi

653 4536 675 4579 'r
690 4527 703 4579 t
721 4537 738 4582 2
