3142 5059
518 326 745 389 CARMlNVM
771 328 962 388 CATVLLI.
1254 332 1313 388 237

158 518 247 577 cibus
266 525 352 574 notas
366 530 518 590 superesse
532 512 678 589 intellego.
729 512 818 571 Velut
836 530 955 573 carmen
970 532 1031 591 quo
1044 514 1149 573 librum
1171 533 1255 575 orsus
1269 526 1313 575 est

158 622 261 689 partes
282 613 371 672 habet
391 613 444 671 has
466 615 638 684 84.44.2;
663 628 786 687 quarum
808 610 892 686 signa
913 611 968 691 (sic
989 613 1067 672 enirn
1089 610 1197 690 habeo)
1215 623 1315 673 extant

158 711 194 768 in
208 710 330 787 antiquo
344 710 447 769 codice
462 708 545 769 Sacc.
559 708 589 766 X
603 708 651 767 uel
665 708 709 767 XI
724 707 917 768 bibliothecae
932 707 1055 785 Collegii
1070 709 1220 769 Trinitatis
1234 710 1313 788 apud

160 806 360 867 Oxonienses.
413 806 492 867 Nam
513 823 595 865 nono
615 806 712 865 uersui
732 823 751 863 a
771 805 874 865 dextro
895 806 983 866 latere
1007 808 1132 883 paginae
1155 808 1314 884 ascriptum

159 914 210 963 est
232 917 253 1000 q
273 923 281 975 ;
303 904 389 964 tertio
410 903 527 964 decimo
540 913 599 975 >3
621 904 746 979 septimo
760 902 877 962 decimo
904 906 940 983 γ;
962 904 1064 963 ultimo
1092 909 1122 994 χ.
1162 904 1315 965 Praeterea

160 1001 295 1076 exceptis
325 1002 458 1060 uersibus
489 1010 614 1076 quatuor
648 1000 756 1075 primis,
785 1000 836 1058 uhi
867 1012 985 1076 propter
1020 1002 1159 1061 maiorem
1191 1002 1314 1060 litteram

161 1098 291 1173 spatium
311 1098 420 1169 deerat,
440 1115 494 1174 per
514 1107 609 1157 toturn
633 1114 752 1157 carmen
774 1096 934 1157 hexametri
955 1116 1023 1157 cum
1046 1100 1235 1175 pentametris
1257 1099 1313 1159 hac

162 1205 237 1254 nota
252 1196 380 1271 copulati
400 1206 468 1255 sunt
484 1191 534 1278 ⁶(-
575 1194 716 1253 Eiusdem
731 1195 793 1254 libri
808 1197 973 1271 proximum
989 1215 1106 1256 carmen
1121 1208 1189 1274 post
1202 1198 1314 1274 primos

161 1302 224 1351 tres
237 1309 347 1362 uerene,
363 1300 476 1351 ceteros
490 1292 579 1351 habet
591 1291 695 1349 eadem
709 1300 781 1349 nota
795 1294 857 1347 κατὰ
870 1291 916 1348 δύο
931 1293 1083 1353 distinctos
1096 1294 1154 1353 hoc
1168 1294 1259 1353 modo

491 1421 629 1481 Terrenis
643 1421 784 1497 quociens
799 1422 914 1481 flatibus
928 1434 1014 1483 aucta

453 1436 605 1577 <Crescit
619 1520 649 1576 in
663 1518 830 1577 inmensum
844 1520 932 1577 noxia
946 1539 1016 1579 cura

164 1666 311 1727 Carminis
335 1666 379 1725 VI
400 1671 492 1739 σχῆμα
511 1678 556 1727 est
577 1648 699 1741 ’6454
711 1648 738 1743 3,
760 1668 852 1725 etsie
877 1667 908 1724 in
932 1668 1081 1726 codicibus
1106 1667 1314 1731 Canonicianis

167 1766 235 1839 183,
252 1782 310 1839 363
330 1765 497 1824 distinctim
511 1775 563 1836 est,
578 1782 747 1843 quanquam
764 1764 867 1823 ultimo
887 1781 1010 1824 numero
1028 1782 1090 1823 non
1111 1766 1265 1843 designato
1284 1768 1315 1827 in

166 1879 236 1952 183·
264 1875 1314 1957 CarminisVHvxtouhocsaciow⁶9·s(4·sss·ss·32‚22·sl.

162 1985 338 2052 exstantque
359 1986 447 2035 notae
466 1986 579 2053 praeter
598 1977 730 2036 ultimam
753 1977 783 2034 in
804 1975 1011 2035 Canonicianis
1037 1980 1188 2051 182‚183.
1231 1976 1271 2036 ΙΙ.
1297 1998 1312 2039 2

162 2081 263 2149 partes
285 2072 373 2131 habet
394 2071 448 2131 has
472 2074 561 2146 8642,
582 2091 658 2150 quae
683 2075 724 2133 sic
745 2082 863 2133 notatae
888 2074 1005 2131 suntin
1026 2072 1099 2133 Can.
1124 2092 1190 2149 363.
1232 2074 1272 2132 11.
1296 2094 1314 2149 3

162 2179 263 2246 partes
283 2168 372 2228 habet
390 2169 444 2228 has
459 2189 497 2241 44
509 2213 515 2228 .
526 2190 609 2242 44.2
632 2189 708 2247 quae
728 2171 759 2228 in
772 2169 846 2229 Can.
864 2188 922 2245 303
943 2180 1043 2228 extant
1063 2188 1177 2242 omnes,
1192 2173 1314 2231 eaedem

163 2266 277 2325 omissa
296 2278 445 2343 postrema
465 2268 552 2327 etiam
573 2269 604 2326 in
627 2272 693 2343 183.
735 2267 775 2327 11.
792 2271 811 2326 8
838 2268 869 2326 in
895 2267 955 2326 duo
980 2267 1098 2327 dimidia
1119 2269 1241 2329 scissum
1261 2280 1314 2340 est,

161 2392 310 2460 utnrnque
328 2400 363 2457 15
378 2402 515 2442 uersuum
524 2402 532 2456 ;
555 2386 606 2461 qui
619 2403 718 2443 rursus
732 2386 774 2443 sic
789 2384 956 2444 diuiduntur
974 2365 1090 2441 222222
1102 2426 1109 2441 .
1121 2366 1156 2458 371
1165 2364 1313 2459 332223.

163 2478 225 2538 His
245 2498 282 2537 ex
302 2481 431 2540 numeris
451 2481 569 2540 nonnisi
589 2492 709 2559 quartus
729 2492 887 2559 sextusque
908 2492 979 2540 nota
996 2490 1095 2539 carent
1109 2482 1139 2539 in
1154 2480 1226 2541 Can.
1240 2485 1314 2553 182;

167 2582 226 2654 183
249 2590 351 2639 notam
373 2590 442 2656 post
468 2600 516 2639 uu.
536 2596 581 2655 15,
605 2595 640 2655 27
663 2572 868 2641 tantummodo
892 2581 987 2641 adicit.
1047 2579 1102 2640 ΙΙΙ.
1120 2601 1135 2639 2
1156 2605 1187 2633 =
1207 2585 1224 2639 6
1241 2599 1314 2640 .1o.

167 2695 223 2735 10.
235 2686 323 2752 745,
338 2686 495 2755 extantque
512 2688 600 2737 notae
614 2680 645 2737 in
659 2677 732 2738 Can.
748 2681 813 2753 283.
857 2679 916 2738 Sed
930 2698 991 2737 non
1011 2696 1088 2755 nego
1105 2680 1243 2738 minutius
1257 2679 1315 2739 hoc
1422 2688 1431 2707 ⁸

163 2792 285 2835 carmen
298 2785 416 2851 poetam
431 2776 561 2852 potuisse
575 2776 752 2852 distinguere
769 2777 811 2836 sic
833 2795 870 2852 33
882 2822 888 2835 .
900 2795 958 2853 433
970 2822 976 2835 .
989 2795 1035 2852 23,
1053 2796 1089 2851 23
1101 2822 1108 2835 .
1121 2796 1157 2836 22
1170 2822 1176 2835 .
1188 2796 1205 2853 3
1216 2788 1257 2842 .÷
1268 2797 1314 2852 23,

162 2872 245 2931 unde
274 2871 396 2933 fortasse
422 2873 574 2949 explicatis
597 2885 699 2933 notam
727 2874 813 2933 etiarn
838 2893 866 2933 u.
888 2894 923 2949 32
951 2874 1128 2951 adscriptam
1153 2876 1183 2933 in
1209 2875 1315 2935 eodem

164 2967 293 3029 codice¹.

140 3061 146 3068 ’
207 3067 320 3128 Eadem
338 3068 398 3128 sere
415 3088 451 3128 ex
466 3070 586 3147 antiquo
605 3070 707 3129 codice
724 3069 832 3146 colligo
846 3066 1009 3129 Pmdenti².
1052 3070 1087 3128 ln
1101 3070 1159 3130 hoc
1179 3072 1315 3147 strophae

164 3165 314 3242 (ῖσόμιτροι
338 3174 406 3223 sunt
433 3165 492 3223 sere
517 3184 630 3237 omnes,
655 3166 708 3226 sed
732 3166 862 3225 eiusdem
887 3184 1003 3243 semper
1026 3168 1140 3225 numeri
1164 3165 1314 3245 uersuum)

163 3259 296 3341 praefixa
315 3264 427 3323 maiore
448 3262 530 3322 litera
550 3264 645 3340 primo
667 3263 803 3339 strophae
825 3264 964 3339 cuiusque
981 3265 1077 3323 uersui
1096 3264 1170 3322 inter
1185 3282 1216 3322 se
1231 3282 1315 3340 sepa-

163 3370 274 3419 rantur.
317 3359 376 3419 Sed
397 3361 542 3420 interdum
562 3378 617 3437 pro
637 3379 746 3436 magna
764 3361 847 3419 litera
865 3360 966 3418 initiali
986 3370 1035 3418 aut
1055 3378 1107 3436 per
1124 3378 1251 3417 errorem
1266 3371 1316 3420 aut

163 3458 222 3519 alia
236 3476 294 3533 qua
308 3476 398 3517 causa
411 3460 508 3517 minor
522 3459 629 3535 scripta
642 3469 686 3518 est
693 3477 702 3531 ;
725 3469 756 3517 ut
773 3458 859 3516 unius
874 3456 1011 3533 strophae
1026 3457 1154 3533 speciem
1169 3460 1314 3533 praebeat,

163 3571 229 3614 non
251 3555 383 3614 duarum.
432 3556 480 3615 Sic
503 3556 691 3615 Prooemium
714 3555 850 3633 strophas
873 3553 963 3613 habet
987 3554 1163 3631 quindecim,
1189 3556 1315 3617 maiores

163 3653 263 3711 literas
285 3652 441 3712 duodecim
466 3672 491 3724 1,
514 3668 541 3727 7,
563 3672 608 3726 ro,
627 3656 672 3724 26,
696 3673 743 3724 22,
768 3666 815 3727 25,
840 3656 885 3724 28,
910 3672 957 3728 32,
980 3671 1027 3728 34,
1051 3666 1099 3728 37,
1122 3670 1170 3725 4ο,
1193 3672 1251 3728 432
1274 3655 1316 3715 sic

164 3749 394 3810 Cathemerinon
419 3752 473 3823 IX,
498 3753 545 3811 cui
573 3753 702 3829 praefixa
727 3752 801 3812 haec
829 3762 873 3811 est
900 3752 985 3811 metri
1012 3752 1141 3811 definitio
1166 3751 1316 3813 ‘Metram

163 3848 357 3906 ‘trochaeum
373 3848 566 3907 Archiloicum
587 3852 738 3909 monocolon
755 3852 926 3926 trirtrqolron
947 3851 1020 3927 quod
1030 3861 1084 3927 per
1097 3853 1177 3927 pedes
1198 3852 1316 3928 duplices

164 3943 301 4024 ‘fertum’
316 3962 434 4021 perraro
453 3947 588 4023 strophas
605 3948 693 4007 habet
707 3949 782 4007 inter
796 3967 828 4007 se
842 3960 892 4008 aut
905 3950 1063 4009 maioribus
1083 3950 1172 4010 literis
1191 3961 1241 4011 aut
1258 3952 1315 4010 alio

163 4044 253 4118 signo
275 4041 434 4113 distinctas,
449 4061 662 4120 saepenumero
681 4047 824 4104 maiorem
842 4046 954 4106 literam
972 4066 1027 4106 nec
1046 4058 1157 4106 mutata
1178 4048 1315 4125 stropha;

163 4142 207 4201 sic
229 4140 389 4217 Peristeph.
406 4140 459 4213 VI,
482 4144 562 4219 quod
583 4143 845 4221 chdecasyllabls
867 4155 989 4217 constat,
1012 4147 1042 4205 in
1064 4148 1198 4223 strophas
1218 4155 1315 4207 autem

197 4302 206 4331 ¹
224 4302 284 4350 Vide
295 4313 362 4352 notat
378 4307 540 4369 scripturarum
555 4326 610 4371 quat
628 4312 651 4358 in
667 4311 713 4359 fine
729 4311 836 4359 editionis
854 4326 907 4357 suae
925 4311 1004 4359 isidori
1022 4312 1143 4373 Originum
1161 4312 1315 4375 adpingendas

160 4386 257 4437 canuit
269 4386 337 4434 Otto.
845 4392 855 4419 ²
872 4394 931 4441 Bibl.
943 4395 1009 4442 Bodl.
1021 4396 1088 4441 Auct.
1100 4393 1130 4441 T.
1145 4405 1166 4440 2.
1181 4406 1217 4443 22.
