3142 5059
515 386 877 450 PROLEGOMENA.
1261 410 1318 450 xxv

6 636 11 647 ,
107 574 259 652 Scriptum
279 574 372 633 fuerat
393 570 524 634 04444044ι
546 575 659 635 duabus
680 575 823 635 columnis
842 588 980 635 uersuum
1004 592 1107 636 aenum
1130 576 1238 637 denum
1260 576 1318 637 hoc

6 648 13 663 ¹
62 674 179 732 modo:

324 829 389 870 001..
402 830 422 871 1.

58 1116 102 1173 50
134 1099 168 1161 Ο
182 1098 302 1177 Hymen
316 1100 488 1178 Hymenaee

965 832 1030 874 (ἴθι.
1043 832 1075 873 11.

60 941 101 996 49
135 920 284 981 Caelitum
297 940 317 983 0
331 923 503 1000 Hymenaee
517 922 637 999 Hymen
720 922 766 982 Te
779 925 896 984 uolente
910 925 976 1003 quis
989 925 1056 1015 huic
1070 925 1128 985 deo
1277 928 1316 1001 65

572 1019 774 1097 Compararier
787 1024 862 1081 ausit
1276 1027 1316 1083 66

716 1135 804 1197 Nulla
817 1137 879 1214 quit
892 1138 955 1197 aine
968 1146 998 1197 te
1011 1136 1120 1198 604444
1277 1140 1315 1214 67

101 1338 186 1399 Cum
205 1339 290 1416 igitur
305 1340 504 1415 compararier
520 1342 597 1397 044444
612 1357 683 1399 casu
701 1341 798 1419 aiiquo
817 1359 879 1401 non
897 1342 926 1398 ix
941 1342 1113 1415 παραλλήλου
1128 1343 1262 1404 uersibus
1275 1346 1315 1421 65

57 1446 89 1496 04
115 1440 159 1513 67
185 1438 238 1497 406
262 1456 280 1497 a
303 1439 417 1497 cinisca
439 1439 533 1515 magis
558 1448 654 1511 staret,
679 1440 774 1499 scriba
798 1440 999 1517 interpositum
1022 1441 1137 1519 utrique
1159 1441 1315 1503 columnae

58 1536 196 1595 4444044444.

102 1634 194 1693 Haec
222 1635 246 1693 si
272 1652 341 1694 uere
371 1634 516 1711 disputata
542 1646 618 1707 sunt,
646 1635 826 1713 archetypon
852 1636 1048 1714 redIntegrare
1077 1637 1120 1697 440
1147 1638 1316 1715 9040444444.

60 1732 252 1810 Sumpsimus
266 1731 374 1791 LXIV.
390 1747 448 1807 355
464 1742 578 1792 sextum
592 1733 739 1799 decimum
758 1734 846 1805 4444440
863 1736 1006 1812 9434444ος
1027 1736 1139 1813 primus
1156 1736 1243 1813 Igitur
1261 1737 1315 1798 suit

6 1854 7 1863 ¹
59 1849 88 1889 44
105 1850 170 1906 340
193 1828 254 1901 Qur'
265 1841 395 1907 persaepe
414 1850 486 1907 uago
506 1834 594 1890 4444444
614 1833 760 1891 cerlanu'ne
776 1852 905 1893 044044.-
928 1833 1008 1894 Hinc
1029 1834 1068 1893 ad
1088 1834 1201 1894 initium
1221 1854 1315 1915 usque

57 1930 202 1989 carminis
216 1948 316 1991 uernis
329 1929 387 1990 hoc
400 1930 502 1990 ordine
516 1947 548 1990 se
562 1930 718 2008 excipiunt.

182 2112 312 2156 rhenum
331 2115 406 2156 maa
425 2115 559 2157 PRIORES.

59 2230 123 2287 339
154 2208 300 2269 Hostibus
314 2209 393 2269 haud
407 2219 489 2287 tergo

60 2328 122 2384 323
155 2306 288 2369 Odecus
303 2308 442 2368 eximium

6 2446 8 2457 ι
60 2422 121 2483 307
153 2405 213 2465 His
226 2424 332 2483 corpus
345 2406 499 2465 tremulum

60 2524 119 2583 494
154 2504 308 2563 Flammati
321 2504 509 2564 Phaethontis

60 2616 122 2676 475
152 2599 358 2677 Purpureaqne
370 2601 471 2678 procui

60 2715 122 2781 459
152 2698 225 2759 Ρ444
237 2698 364 2757 obacura
375 2698 456 2759 cauis

60 2818 122 2874 443
153 2796 231 2857 Cum
244 2798 370 2874 primum
384 2796 474 2857 inflati

61 2910 121 2971 447
152 2894 300 2955 Carbaaus
313 2895 467 2955 obscurata

61 3012 118 3053 211
153 2992 301 3069 Sospitem
314 2992 507 3053 Erechtlreum

61 3108 122 3169 495
154 3090 224 3151 Huc
238 3090 296 3151 huc
310 3092 462 3151 aduentate

62 3204 122 3266 179
151 3188 331 3250 Diacemens
345 3190 428 3267 ponti

63 3290 121 3364 463
152 3286 337 3364 Purpureaue
350 3296 433 3347 tuum

63 3401 120 3461 147
153 3384 495 3464 Sedsimulaccupidae

63 3504 118 3559 131
150 3482 315 3560 Frigiduios
328 3483 389 3543 udo

62 3596 120 3655 115
151 3578 238 3639 Tecti
251 3581 431 3641 fmstraretur

79 3698 120 3755 99
150 3678 287 3751 Quantos
301 3680 424 3740 illatuiit

80 3782 120 3853 83
151 3776 265 3838 Funera
278 3776 438 3855 Cecropiae

762 2115 893 2157 4404444
911 2116 1034 2158 44444444
1054 2117 1265 2162 40444444444.

717 2227 776 2283 340
805 2207 865 2281 Qui
878 2228 1019 2287 persaepe
1032 2228 1111 2286 11280
1233 2273 1235 2278 -

610 2342 613 2349 »
718 2325 775 2381 344
803 2305 956 2365 Emathiae
968 2316 1099 2366 tutamen
1112 2304 1192 2387 opio¹
1236 2304 1241 2314 '

717 2406 775 2481 308
804 2402 939 2464 Candida
952 2422 1096 2481 prupurea

717 2521 773 2577 494
804 2500 890 2561 Haec
903 2502 1012 2561 04404444
1026 2503 1112 2562 sedes

717 2601 774 2674 476
804 2599 853 2659 Sic
866 2608 929 2659 tum
942 2600 1077 2659 uestibuli

716 2699 775 2757 460
803 2696 895 2774 Orgia
907 2715 984 2775 quae
997 2696 1102 2758 frustra

716 2814 773 2868 444
801 2796 992 2873 Praecipitem
1005 2814 1070 2857 4040

716 2896 773 2952 448
802 2893 892 2966 Quod
905 2895 957 2953 tibi
970 2894 995 2953 44
1008 2896 1100 2955 sancti

716 3011 772 3050 444
801 2990 938 3069 Namque
951 2992 1047 3052 ferunt
1060 2992 1131 3053 olim

716 3094 772 3166 496
801 3089 884 3163 Quas
897 3108 955 3167 ego
969 3110 1024 3150 uae
1037 3092 1159 3151 miserae

716 3191 773 3247 180
800 3188 850 3247 An
863 3189 952 3265 patris
966 3188 1104 3248 auxilium

716 3289 772 3359 464
802 3286 861 3346 Sed
875 3286 945 3364 quid
959 3304 1016 3363 ego
1030 3287 1137 3362 ignaria

716 3387 771 3457 448
800 3384 886 3443 Dicta
898 3384 969 3443 nihil
982 3394 1110 3443 metuere

715 3500 770 3558 434
801 3480 914 3541 Siccine
927 3500 976 3540 me
990 3482 1088 3559 patriis

716 3582 771 3639 446
800 3580 859 3641 Sed
872 3579 944 3658 quid
956 3598 1014 3657 ego
1028 3598 1046 3638 a
1058 3580 1153 3657 prima

714 3696 772 3738 400
800 3677 920 3751 Quanto
932 3696 1020 3756 saepe
1033 3677 1128 3755 magis

732 3780 770 3850 84
799 3777 896 3854 Atque
909 3778 950 3837 ita
961 3795 1036 3836 naue
1050 3778 1106 3837 leui

91 4000 99 4029 ¹
123 4003 237 4049 Poumta
253 4000 364 4048 0414444444
382 4000 439 4047 binio
456 4000 537 4061 4044944
554 3999 621 4047 fuisse
639 4000 722 4047 docent
741 4013 789 4046 non
808 3998 874 4060 94404
890 3998 995 4051 0064004;
1020 3998 1053 4045 440
1072 3998 1166 4060 40449444
1182 4006 1216 4045 044
1232 3996 1306 4044 codex

60 4084 214 4133 hiertonensir
228 4083 398 4148 tragoedianun
413 4082 509 4129 Senecae
526 4082 589 4130 Saea.
600 4080 664 4137 xiv,
675 4082 707 4129 440
723 4082 770 4143 4940
781 4080 927 4137 Τ444444004,
938 4080 978 4135 440,
988 4081 1028 4127 sed
1039 4080 1202 4127 tantummodo
1213 4079 1237 4125 in
1249 4079 1305 4126 Iocis

60 4170 97 4216 nbi
109 4168 226 4215 breuiores
236 4180 314 4215 404444
325 4174 386 4221 eunt,
398 4166 471 4229 codex
489 4164 655 4227 antiquiss’unue
666 4164 790 4220 Prudentii,
801 4164 863 4211 Seoc.
875 4163 927 4219 vn,
941 4163 978 4211 uei
990 4162 1054 4219 VIII,
1064 4172 1166 4211 4044444444
1182 4162 1206 4209 in
1224 4161 1307 4209 bIblio·

60 4250 125 4298 444004
137 4250 270 4304 Bodleiano.
281 4248 313 4295 440
324 4248 415 4295 Boethii
426 4247 528 4295 0444444444
538 4248 562 4293 in
573 4246 631 4295 libro
642 4246 671 4295 dr
683 4245 840 4294 eamdam
849 4244 1018 4307 Pbdoaopirioe.

91 4330 101 4359 ¹
123 4332 206 4381 1401444
223 4346 264 4380 uu.
275 4338 388 4394 334-337
407 4344 537 4391 quanquam
554 4345 568 4375 a
586 4328 662 4377 midde
680 4328 788 4390 0404449444
808 4330 898 4377 absunt.
939 4328 972 4376 Vt
988 4327 1050 4375 enirn
1066 4328 1114 4375 ueri
1130 4325 1203 4374 simile
1219 4325 1249 4373 rit
1265 4340 1305 4374 004

59 4415 135 4478 aliquo
147 4424 251 4476 ternpore
262 4413 286 4459 44
298 4413 400 4476 margine
411 4412 534 4473 4640449404
545 4410 621 4469 huuc,
629 4410 733 4459 habuisse
741 4426 781 4460 004
791 4410 932 4472 archetypon
943 4410 967 4457 in
978 4418 1089 4457 contextu
1100 4423 1130 4457 ex
1140 4416 1190 4456 tota
1200 4406 1305 4456 64444440-

60 4498 146 4545 4444040
155 4497 215 4545 mihi
224 4508 357 4557 persuasum
368 4502 409 4541 044.
