3142 5059
544 396 764 461 CARMEN
796 396 895 461 LXX.
1229 394 1294 463 177

231 586 312 649 Non
332 590 361 650 si
382 587 474 649 illam
495 607 588 650 rarae
610 586 784 650 labefactes
805 606 937 649 munere
961 586 1063 649 uestis

274 700 341 761 Aut
363 698 551 783 perluciduli
573 697 702 762 deliciis
724 699 850 783 lapidis.

187 876 304 941 Laedit
326 886 360 939 te
381 876 538 959 quaedam
560 876 646 939 maia
667 875 785 957 fabula,
807 894 870 958 qua
891 874 954 937 tibi
977 872 1078 936 fertur
1278 900 1293 951 5

274 987 368 1052 Valle
390 990 447 1051 sub
469 989 591 1051 alarum
613 998 685 1052 trux
706 989 853 1051 habitare
876 1006 980 1072 caper.

230 1102 331 1166 Hunc
346 1109 493 1165 metuunt
508 1120 640 1165 omnes:
663 1121 766 1185 neque
781 1103 918 1163 mirum:
941 1118 1017 1162 nam
1032 1097 1118 1161 mala
1135 1094 1228 1161 ualde
1242 1103 1294 1159 est

275 1213 396 1298 Bestia,
418 1233 479 1276 nec
501 1217 629 1297 quicum
651 1214 735 1276 bella
757 1212 863 1298 puella
884 1213 990 1275 cubet.

186 1391 295 1480 Qare
317 1402 373 1455 aut
395 1392 556 1456 crudelem
578 1413 727 1457 nasorum
751 1392 895 1456 interfice
917 1400 1054 1476 pestem,

274 1505 341 1568 Aut
362 1504 513 1569 admirari
535 1506 647 1570 desine
669 1527 723 1569 cur
745 1507 882 1590 fugiunt.

669 1952 768 2016 LXX.

230 2130 345 2196 NvLu
369 2134 505 2197 sedicit
529 2135 642 2195 mulier
665 2152 738 2196 mea
760 2135 878 2195 nubere
901 2132 996 2195 malle

245 2277 248 2287 ·
275 2244 382 2331 Qam
405 2246 497 2329 mihi,
519 2265 585 2308 non
607 2247 636 2308 si
659 2264 693 2309 se
717 2243 859 2328 Iuppiter
882 2245 949 2329 ipse
972 2249 1073 2327 petat.

230 2355 344 2420 Dicit:
374 2357 430 2419 sed
453 2358 568 2419 mulier
590 2357 707 2441 cupido
728 2356 811 2441 quod
834 2357 915 2419 dicit
938 2356 1075 2438 amanti,

273 2466 313 2530 In
335 2478 435 2531 uento
457 2478 491 2532 ct
514 2470 623 2555 rapida
644 2472 780 2533 scribere
804 2477 930 2553 oportet
953 2488 1042 2551 aqua.

181 2796 206 2844 3.
244 2778 300 2829 Nos
313 2781 355 2840 iila
369 2778 807 2835 1nareABCGHLLa¹La²ohacd
876 2778 934 2832 Nos
947 2778 1019 2832 illam
1032 2794 1123 2832 amare
1137 2780 1163 2831 V
1227 2777 1292 2831 Non

141 2849 217 2903 illam
229 2865 306 2903 rarae
315 2849 388 2921 cali».
399 2856 464 2916 1481
478 2854 550 2904 etsie
562 2850 688 2905 Bmtleius
700 2852 742 2905 ubi
754 2870 855 2904 uersum
867 2852 946 2923 affert
958 2850 995 2903 ad
1005 2851 1068 2904 Hor.
1078 2850 1158 2919 Epod.
1167 2851 1249 2903 XIII.
1261 2867 1291 2914 14

140 2920 208 2974 Non
220 2921 302 2974 ullam
314 2937 392 2975 rarae
406 2924 534 2975 Auantius
546 2923 699 2992 Doeringius
711 2924 815 2991 Heysius
907 2921 972 2975 Non
984 2922 1007 2973 si
1019 2921 1091 2975 issam
1103 2937 1182 2975 rarae
1196 2921 1258 2975 ΑΜ.
1271 2922 1293 2974 Ι.
1390 2936 1394 2941 ’

140 2990 293 3045 labefactos
306 2991 532 3047 BHLa¹La²Vah.

180 3082 206 3127 4.
241 3078 293 3130 pro
304 3063 414 3116 luciduli
426 3062 557 3116 HLalcdh
567 3065 605 3118 ed.
615 3068 662 3118 Pr.
733 3079 784 3132 pro
797 3064 906 3117 lucidoli
919 3060 974 3117 ια’
1044 3063 1144 3116 delitiis
1158 3065 1192 3117 A.

180 3152 206 3198 5.
242 3150 297 3202 qua
311 3135 386 3188 ABG
397 3153 429 3186 ex
441 3154 537 3189 rasura
549 3136 592 3188 Ld
600 3136 639 3188 ed.
652 3138 744 3189 Par-m.
757 3152 823 3200 1473
896 3150 967 3204 quae
980 3134 1021 3187 uel
1029 3154 1082 3204 quc
1095 3144 1152 3188 cett.

179 3206 206 3257 6.
243 3205 346 3267 Valeo
417 3206 529 3259 aliarum
544 3208 572 3259 A
577 3206 718 3275 pnoffl.

179 3290 207 3338 7.
242 3274 460 3330 Nuncded.Pr.
531 3277 610 3330 ualde
622 3277 724 3330 malaci
793 3276 1007 3330 necmimirum
1020 3274 1090 3329 mala
1102 3277 1137 3329 H.

181 3350 206 3400 8.
242 3346 355 3415 quicum
366 3348 505 3401 Bacdedd.
518 3366 600 3401 omnes
684 3349 728 3401 cui
741 3363 806 3401 cum
819 3346 1018 3401 GLa¹La²OVb
1097 3362 1161 3399 cum
1174 3360 1228 3415 qua
1242 3347 1292 3400 AL

139 3427 172 3471 ut
184 3419 261 3487 Prop.
273 3420 310 3470 11.
323 3421 349 3471 6.
362 3436 392 3470 12
407 3418 457 3471 Me
469 3435 550 3471 soror
561 3426 591 3472 et
603 3434 665 3472 cum
678 3435 733 3488 qua
744 3418 847 3471 donnit
859 3418 947 3471 amica
959 3416 1038 3470 simul
1127 3433 1191 3469 cum
1203 3420 1293 3471 omisso

139 3489 235 3559 quaC
303 3504 355 3542 nec
367 3488 438 3543 bella
450 3490 494 3542 cui
507 3490 595 3558 puella
607 3490 642 3543 H.

180 3576 224 3613 10.
258 3558 363 3626 fugiant
375 3579 402 3627 a,
414 3560 531 3614 Heinsius
543 3580 575 3613 ex
587 3563 737 3614 coniectura.

673 3682 769 3736 LXX.

177 3770 231 3822 Hoc
242 3789 345 3824 cannen
358 3789 414 3823 cum
426 3790 448 3824 c.
460 3772 560 3823 LXIX
569 3773 716 3825 continuant
727 3771 818 3823 codices
831 3790 913 3823 omnes
924 3772 1024 3824 sinceri.

721 3866 756 3896 ml

181 3925 204 3960 1.
240 3907 379 3960 uiuereH
440 3908 510 3961 maie
523 3906 657 3961 HLa¹OV
716 3908 786 3961 uelle
800 3907 859 3977 (ma
872 3918 900 3960 ut
912 3909 1011 3961 uidetur
1023 3910 1143 3961 recentius
1154 3906 1293 3979 scriptum)

138 3999 161 4045 c,
171 3979 293 4046 fortasse
308 3998 341 4031 ex
359 3981 457 4033 Sueton.
474 3981 505 4032 de
523 3982 590 4033 Veris
610 3979 754 4032 Illusttibus
772 3982 924 4033 XVIII.10
946 3980 1002 4032 soti
1021 3979 1152 4032 Crassitio
1173 3996 1203 4032 se
1225 3979 1293 4031 dixit

138 4049 247 4103 nubere
260 4048 339 4103 uelle.

179 4138 204 4173 2.
240 4120 341 4187 iupiter
353 4122 418 4174 cah.

179 4208 203 4257 3.
240 4192 346 4260 cupitb
416 4191 520 4261 quida.

177 4281 203 4326 4.
241 4262 362 4315 inuento
375 4264 416 4317 Ga
473 4263 504 4314 ln
518 4263 582 4315 uino
594 4265 656 4315 coni.
670 4263 790 4330 Gifanius
802 4266 829 4316 in
841 4264 893 4317 ind.
906 4266 1007 4317 Lucret.
1014 4276 1044 4333 p.
1055 4279 1116 4329 450,
1128 4264 1293 4315 Burmannus

142 4331 249 4387 Anthoi.
263 4336 326 4386 Lat.
340 4336 362 4386 I.
375 4347 404 4404 p.
418 4351 479 4398 54¹·
