3142 5059
297 418 335 461 xx
688 400 1044 463 PROLEGOMENA.

296 586 375 645 enirn
399 586 494 645 scriba
516 585 732 657 Germanensis,
754 586 845 646 homo
869 587 1037 657 accuratior,
1058 585 1128 645 nihil
1149 585 1253 645 errauit
1275 586 1306 645 in
1328 586 1438 646 descri-

296 684 396 744 bendo
409 684 528 757 codice;
550 686 654 744 errauit
668 686 692 743 is
706 686 756 761 qui
769 685 799 743 D
812 685 860 744 uel
874 704 942 745 curn
955 684 1034 744 unde
1047 684 1076 742 D
1091 685 1195 743 ductus
1213 696 1258 744 est
1276 685 1438 761 descripsit.

296 782 418 859 Largior
432 801 526 858 pauca
539 784 579 841 sic
594 802 646 859 per
660 802 787 843 errorem
798 783 859 843 fieri
869 783 998 859 potuisse
1008 801 1033 841 e.
1042 800 1070 858 g.
1080 789 1215 857 paratran
1225 782 1440 858 Prosequomar

294 880 463 939 Indomitum
472 883 627 940 descendens
639 884 780 941 oslardunl
791 884 972 959 languescant
982 883 1054 941 lente
1066 880 1205 961 Conferat
1215 882 1325 941 odorum
1333 884 1439 957 possim

296 997 411 1037 narrem
433 978 540 1055 Aspice,
563 998 638 1055 quae
666 980 765 1039 omnia
792 980 868 1039 male
895 980 1044 1039 intellectis
1065 980 1152 1039 literis
1174 979 1296 1039 sortasse
1317 980 1438 1057 deliquit

295 1076 392 1136 scriba
404 1076 511 1135 Datani
518 1097 527 1151 ;
549 1088 625 1137 recte
640 1078 718 1136 enim
732 1078 866 1137 uidentru
879 1076 908 1138 G
922 1088 951 1137 et
964 1078 1092 1155 plerique
1110 1077 1174 1135 libri
1192 1078 1328 1137 exhibere
1343 1088 1437 1153 pora-

296 1176 352 1232 rr'm
362 1175 571 1251 Persequamur
580 1174 734 1234 Indomr'tus
748 1176 883 1235 discedens
895 1182 1029 1234 osknlont
1038 1176 1211 1252 languescent
1222 1176 1292 1234 laria
1308 1174 1441 1255 Conferet

294 1272 391 1331 oblr'lae
402 1282 514 1349 porrum
532 1293 638 1333 narras
651 1274 757 1350 Accipe.
800 1274 860 1333 Sed
874 1292 951 1350 nego
965 1274 1022 1334 hoc
1039 1275 1070 1333 in
1084 1284 1180 1334 cetera
1195 1274 1299 1333 cadere
1307 1293 1316 1346 ;
1338 1293 1394 1333 nec
1412 1275 1439 1333 si

296 1372 456 1431 aceruatior
470 1371 523 1430 fuit
542 1373 636 1432 scriba
650 1372 868 1443 Gennanensis,
882 1390 944 1432 non
957 1390 1102 1432 summam
1115 1390 1215 1432 curam
1228 1374 1259 1431 in
1272 1390 1309 1431 eo
1322 1372 1438 1449 posuis·

296 1480 348 1541 set,
363 1480 394 1529 ut
408 1469 513 1529 librum
528 1487 616 1546 quern
635 1471 817 1531 describebat
835 1490 929 1547 paene
948 1471 985 1530 ad
1003 1471 1115 1530 literam
1128 1481 1304 1547 sequeretur.
1346 1471 1439 1548 Atqui

296 1570 495 1646 antiquitatem
516 1570 610 1645 magis
631 1570 747 1645 sapiunt
767 1570 906 1629 lectiones
920 1568 1042 1641 Datani;
1064 1586 1124 1645 quo
1144 1568 1224 1629 nulla
1243 1569 1348 1627 certior
1367 1580 1439 1629 uota

297 1683 400 1737 curae;
422 1665 508 1737 unde,
528 1666 553 1724 si
574 1667 611 1724 ab
631 1667 737 1725 eodem
758 1667 893 1742 exemplo
913 1666 992 1725 ducti
1013 1676 1080 1724 sunt
1099 1664 1128 1723 D
1141 1677 1171 1724 et
1184 1666 1223 1738 G,
1237 1667 1347 1726 maiore
1367 1686 1439 1727 cura

296 1760 428 1823 Datanus
442 1782 531 1839 quarn
545 1763 754 1823 Germanensis
768 1776 902 1823 exaranrs
915 1776 967 1823 est
1009 1764 1090 1841 E1go
1109 1765 1133 1823 si
1152 1764 1243 1824 multa
1256 1766 1439 1841 reperiuntur

296 1862 326 1919 in
341 1862 370 1920 D
384 1879 460 1937 quae
474 1880 528 1921 nec
548 1862 578 1919 in
592 1861 621 1921 G
635 1881 691 1921 nec
704 1880 855 1940 quoquam
873 1864 929 1923 alio
948 1864 1135 1939 reperiuntur,
1149 1863 1222 1922 haec
1243 1875 1341 1924 autern
1361 1866 1438 1924 eius-

297 1960 378 2019 modi
393 1970 460 2020 sunt
474 1971 506 2019 ut
519 1960 730 2038 interpolatoris
745 1980 810 2021 esse
824 1972 980 2039 nequeant,
989 1980 1044 2021 nec
1054 1962 1093 2021 ad
1103 1962 1311 2038 indiligentiam
1325 1963 1438 2022 scribae

297 2057 411 2134 possint
425 2057 531 2130 referri,
546 2059 726 2118 concluditur
742 2078 778 2117 ex
799 2060 918 2119 diuersis
937 2059 1077 2136 exemplis
1091 2059 1121 2117 D
1134 2070 1164 2119 et
1177 2058 1207 2119 G
1220 2058 1325 2119 ductos
1339 2061 1437 2121 luisse.

297 2155 359 2214 Aut
378 2156 464 2233 igitur
487 2158 599 2216 alibro
622 2158 709 2217 unico
732 2158 846 2230 Catulli,
869 2175 957 2235 quem
981 2158 1020 2215 ad
1042 2158 1164 2233 patriam
1188 2158 1322 2217 retulerat
1343 2158 1437 2217 Vero·

296 2254 404 2325 nensis,
419 2255 579 2333 descriptus
602 2266 646 2315 est
668 2255 801 2315 Datanus
822 2257 868 2315 uel
889 2257 913 2315 is
933 2256 1012 2314 unde
1032 2256 1136 2315 ductus
1156 2265 1209 2327 est,
1227 2256 1438 2317 Germanensis

297 2362 394 2411 autem
413 2352 450 2411 ab
465 2354 600 2432 exemplo
620 2356 682 2413 eius
698 2355 769 2425 libri,
781 2373 842 2413 non
855 2355 893 2413 ab
906 2354 971 2430 ipso
984 2354 1063 2413 uenit
1071 2374 1080 2426 ;
1101 2363 1150 2413 aut
1169 2354 1378 2414 Germanensis
1398 2356 1438 2413 ab

296 2451 361 2528 ipso
384 2451 433 2510 illo
455 2452 619 2512 Veronensi
641 2454 752 2525 codice,
774 2453 907 2513 Datanus
932 2454 969 2512 ab
992 2453 1091 2524 altero,
1113 2452 1183 2511 alias
1207 2462 1292 2524 certe,
1314 2452 1438 2513 sortasse

297 2550 414 2609 saeculo
428 2549 485 2607 XV
500 2562 674 2628 emergente,
689 2552 851 2628 descriptus
864 2562 916 2611 est.
959 2550 1115 2627 ‘Namque
1135 2560 1165 2609 et
1185 2550 1351 2610 Matthaeus
1371 2550 1437 2611 Pal·

297 2648 427 2706 ‘merius
451 2648 481 2705 in
506 2649 640 2725 exemplo
664 2649 726 2708 libri
750 2649 901 2709 Catulliani
919 2651 1001 2727 quod
1021 2668 1074 2709 sua
1095 2650 1184 2726 ipsius
1204 2668 1293 2708 manu
1314 2652 1436 2721 a1428

297 2749 305 2775 ‘
320 2744 442 2820 scripsit,
457 2744 608 2804 adnotauit
622 2764 701 2805 anno
716 2760 793 2819 1425
807 2747 933 2823 primurn
947 2758 1093 2825 repertum
1106 2766 1170 2807 esse
1185 2746 1332 2807 Catullum
1346 2750 1438 2825 pessi·

298 2847 426 2919 ‘meque
454 2854 607 2920 acceptum
634 2846 664 2903 in
693 2862 797 2903 manus
830 2845 981 2904 hominum
1008 2846 1122 2905 uenisse
1147 2844 1196 2925 (cf.
1211 2846 1303 2905 Andr.
1326 2846 1438 2905 Schotti

298 2946 306 2971 ‘
320 2942 464 3001 obseruat.
481 2942 599 3001 human.
614 2943 653 3001 Il.
668 2946 712 3002 16.
728 2961 756 3020 p.
767 2942 819 3022 53)
834 2954 863 3003 et
877 2943 1008 3021 Raphael
1022 2944 1229 3005 Volaterranus
1242 2946 1292 3022 qui
1306 2946 1344 3004 ab
1358 2964 1438 3004 anno

298 3044 306 3071 ‘
320 3040 381 3099 iere
399 3055 475 3115 1450
490 3042 529 3100 ad
542 3060 652 3101 annum
670 3057 746 3117 ¹5²0
760 3044 839 3114 uixit,
853 3054 1040 3102 commentar.
1052 3044 1154 3102 urban.
1164 3044 1227 3103 libr.
1239 3043 1321 3103 XIV.
1335 3062 1364 3120 p.
1377 3063 1414 3118 3²
1419 3058 1437 3118 5

296 3138 366 3197 ‘ed.
382 3136 467 3198 Basil.
487 3138 574 3198 Frob.
593 3154 668 3215 1559
691 3140 737 3198 hic
761 3138 872 3199 Coralli
895 3141 987 3217 inquit
1007 3140 1077 3199 liber
1099 3160 1156 3199 una
1179 3160 1241 3199 cunr
1265 3140 1439 3212 Ombolmno

297 3240 441 3311 ‘repertus
454 3245 494 3296 cst
504 3244 588 3296 aelate
602 3245 698 3297 noslra
710 3240 858 3298 lacrirrbsus
873 3238 1092 3316 nundorusque¹.'
1134 3239 1249 3312 Quibus
1267 3257 1438 3316 quanquam

296 3350 358 3392 non
372 3334 493 3394 nimium
508 3336 670 3395 tribuerim:
692 3336 832 3395 haberent
850 3346 948 3395 tamen
966 3338 1045 3396 unde
1063 3336 1310 3408 confirmarentru,
1324 3336 1348 3395 si
1365 3337 1437 3395 alter

297 3433 391 3493 codex
414 3436 531 3494 ineunte
553 3436 670 3495 saeculo
691 3436 748 3494 XV
769 3446 900 3515 repertus
920 3448 1005 3496 esset.
1046 3437 1158 3497 Dixerit
1178 3437 1281 3514 aliquis
1301 3446 1361 3495 tarn
1382 3438 1436 3494 mi-

297 3550 359 3590 rarn
380 3534 593 3593 similitudinem
618 3535 771 3612 praecipue
793 3545 995 3613 corruptorum
1017 3535 1148 3595 locorum
1169 3554 1232 3595 non
1254 3536 1384 3612 potuisse
1405 3536 1436 3593 in

297 3630 412 3689 duobus
430 3631 508 3690 libris
524 3630 573 3709 (D,
588 3630 629 3711 G)
645 3652 717 3703 esse,
733 3634 787 3692 nisi
806 3634 844 3691 ab
857 3650 918 3692 uno
937 3634 1033 3709 aliquo
1052 3635 1107 3692 orti
1125 3644 1233 3693 essent.
1275 3632 1435 3705 Concedo;

298 3728 359 3799 sed,
374 3729 435 3788 siue
449 3748 485 3788 ex
499 3749 559 3789 uno
574 3732 628 3789 orti
643 3741 710 3791 sunt
725 3733 785 3791 siue
800 3752 836 3792 ex
851 3732 975 3806 duobus,
989 3734 1059 3791 nihil
1077 3734 1211 3803 interest,
1233 3732 1292 3791 duo
1311 3732 1390 3789 enirn
1409 3731 1434 3791 si

296 3822 419 3898 luerunt,
440 3828 510 3885 alter
531 3826 709 3889 Veronensis
733 3830 789 3901 ille,
806 3830 876 3889 alter
900 3831 1017 3890 saeculo
1036 3830 1093 3889 XV
1116 3841 1255 3908 repertus,
1279 3830 1318 3888 ad
1341 3848 1436 3888 unum

330 4069 339 4099 ¹
355 4070 486 4119 Schwabius
498 4072 521 4118 in
532 4072 610 4119 adnot.
622 4086 668 4132 pv
681 4072 716 4119 ed.
728 4086 789 4118 suae.
812 4072 850 4120 cf.
861 4074 930 4119 uerba
942 4073 1043 4121 Auantii.
1059 4072 1167 4136 ‘Magno
1174 4074 1274 4137 pignore
1284 4074 1436 4121 mmdoim

297 4154 381 4202 ‘bodie
392 4169 437 4201 non
448 4154 546 4201 inueniri
561 4154 635 4201 ullum
647 4154 805 4202 Caruilianum
815 4155 914 4202 codicem
924 4157 1032 4216 mmm
1047 4166 1099 4203 onte
1110 4156 1244 4219 megine
1259 4170 1332 4202 mos
1347 4156 1389 4203 boc
1404 4166 1437 4203 cst

295 4243 367 4285 ‘aare
376 4236 478 4285 Guarim'
488 4236 618 4291 (1111114111,ιέ
629 4236 688 4283 oum
699 4238 846 4298 adpotrim
856 4238 944 4284 rediens
952 4238 1071 4285 meum
1082 4238 1122 4285 dia
1133 4237 1273 4299 vadumque
1282 4236 1436 4284 meacm

295 4327 303 4346 ·
315 4319 400 4367 Italiae
410 4318 513 4374 1411111111,
523 4320 563 4365 sed
573 4319 739 4380 deproumum!
774 4319 838 4365 llaec
851 4320 880 4366 ad
892 4318 1039 4367 Matthaeunr
1050 4320 1172 4367 Gibcrtutn
1183 4319 1288 4367 Veronae
1299 4320 1436 4381 Episcopum

299 4412 444 4463 1524-1543
464 4402 550 4463 scripsit
567 4402 693 4455 Aeantium
710 4402 770 4448 unde
781 4402 896 4448 Guarinus
912 4402 931 4448 is
946 4404 1033 4463 dequo
1048 4402 1102 4450 dicit
1117 4402 1219 4464 Baptista
1235 4416 1291 4458 esse,
1307 4416 1354 4449 non
1371 4411 1436 4463 pater

295 4485 352 4541 cius,
363 4485 477 4548 colligitur
489 4501 501 4532 a
514 4484 633 4531 Schwabio
646 4484 737 4547 (Philol.
749 4484 835 4533 xxiv.
848 4484 948 4545 352-4).
