3142 5059
313 402 330 457 ii
705 398 1064 459 PROLEGOMENA.

309 603 362 641 nan
381 582 411 640 T
409 604 423 653 ,’
445 586 596 642 cammrllr'te
610 582 681 655 DG,
702 586 847 643 conuertr'te
863 582 906 652 Τ,·
931 603 977 655 20,
991 584 1028 642 26
1042 585 1105 659 quis
1122 580 1155 652 Τ,
1175 582 1227 656 qur'
1241 576 1324 647 DG,·
1348 596 1385 648 24
1402 595 1471 633 cre-

309 681 442 753 delr'usT,
460 682 598 740 crudelius
612 682 695 752 DG,·
719 684 755 740 26
771 684 917 742 rumndrar
934 682 967 754 Τ,
986 682 1127 739 racundaar
1141 677 1223 748 DG,·
1249 692 1284 751 27
1300 676 1413 735 canuba'a
1432 674 1471 746 T,

309 780 443 838 catanuba'a
457 780 540 849 DG,·
564 785 601 839 28
614 782 728 857 quael',
750 802 802 859 quo
816 781 898 850 DG,·
923 796 960 855 35
980 792 1077 857 caspem
1096 778 1129 850 Τ,
1148 780 1247 837 eosdem
1262 776 1345 846 DG,·
1369 777 1406 849 36
1427 776 1476 832 ad

310 879 380 937 luca
395 878 428 950 Τ,
450 886 481 937 al
497 881 570 938 lule!
581 880 664 949 ΒΘ,
687 900 726 953 40
743 884 885 940 conuolsus
902 881 935 952 Τ,
956 888 1083 939 contusus
1096 878 1180 947 DG,·
1203 897 1239 951 41
1257 896 1333 954 quem
1347 876 1477 932 mulcent

308 997 396 1035 aurae
408 979 514 1053 firmat
533 978 605 1050 DG,
627 981 816 1055 quaemulcens
835 982 989 1057 aurafirma
1007 979 1038 1037 Τ
1036 1001 1051 1048 ,·
1081 996 1118 1051 4²
1139 978 1264 1035 adiuuere
1283 974 1317 1047 T,
1337 981 1474 1049 aptauere

310 1073 393 1143 DG,·
417 1096 455 1150 49
474 1095 545 1133 arua
562 1075 626 1147 GT,
648 1083 706 1135 orto
720 1076 770 1145 D,·
794 1093 832 1151 50
852 1076 1008 1153 Nunquam
1028 1097 1057 1134 se
1075 1076 1186 1134 extollet
1203 1090 1351 1149 numquam
1373 1072 1472 1129 mr'tem

309 1176 406 1232 educat
417 1173 490 1245 DG,
505 1174 669 1251 Numquam
686 1196 715 1234 se
730 1178 841 1235 exlallr'i
851 1196 933 1252 quam
948 1178 1093 1233 mum'leam
1108 1176 1192 1233 ducat
1207 1171 1238 1230 Τ
1235 1194 1250 1241 ,·
1274 1187 1309 1245 51
1327 1170 1474 1246 deflectens

310 1272 383 1345 DG,
399 1274 557 1351 perflecleus
575 1273 606 1332 Τ
604 1296 619 1343 ,·
643 1289 680 1349 53
696 1277 818 1333 acoluere
832 1274 864 1348 T,
883 1277 986 1333 caluere
999 1274 1082 1341 DG,·
1105 1276 1142 1348 56
1158 1281 1215 1331 lum
1231 1273 1333 1330 euacua
1347 1268 1381 1341 Τ,
1395 1271 1472 1327 a'um

310 1373 414 1431 r'aculla
434 1371 517 1442 DG,·
540 1388 577 1447 57
596 1375 738 1432 conubium
756 1374 790 1445 T,
811 1376 973 1432 connubium
992 1373 1075 1442 DG,·
1102 1376 1141 1431 60
1161 1390 1253 1449 equam
1274 1366 1307 1441 Τ,
1328 1388 1394 1445 equa
1411 1368 1471 1437 D,-

311 1473 349 1544 63
370 1470 465 1529 Tertia
483 1472 576 1547 patris
594 1483 668 1548 pars
689 1480 729 1530 erl
745 1472 811 1531 data
829 1476 909 1531 tertia
929 1475 1019 1531 matri
1037 1471 1072 1544 Τ,
1089 1471 1119 1530 Τ
1113 1474 1183 1529 utta
1199 1480 1271 1545 pars
1285 1471 1371 1545 patri
1388 1468 1471 1539 dala,

306 1578 379 1642 pars
392 1570 459 1626 alala
473 1572 556 1628 tertia
568 1573 658 1629 matri
667 1570 741 1630 DG.

353 1667 398 1725 Ex
413 1667 458 1727 his
474 1669 611 1745 pleraque
626 1669 697 1728 nihil
715 1670 821 1729 diuersi
837 1670 947 1729 habent
964 1680 1078 1747 praeter
1094 1665 1351 1745 orthographiam
1375 1682 1472 1741 quac-

313 1767 382 1824 dam
407 1778 475 1825 sunt
499 1768 653 1839 eiusmodi,
678 1778 711 1826 ut
738 1770 776 1826 ab
800 1769 908 1827 eodem
932 1768 1007 1827 libro
1030 1768 1156 1826 describi
1180 1768 1229 1825 uix
1255 1764 1412 1843 potuerint,
1437 1773 1473 1820 ut

310 1872 393 1923 certes
407 1878 434 1923 ,1.
449 1873 525 1937 carle,
547 1868 699 1924 cammallr'te
718 1870 871 1939 conuertale,
892 1868 1034 1925 conuolsus
1053 1872 1188 1937 contusus,
1209 1865 1332 1923 acoluere
1351 1864 1471 1933 coluere,

313 1964 368 2023 nisi
393 1963 468 2023 sorte
492 1976 646 2042 utramque
674 1966 829 2025 lectionem
857 1967 958 2024 habuit
986 1965 1033 2024 hie
1061 1966 1141 2035 liber,
1166 1982 1289 2040 quarum
1317 1962 1407 2020 altera
1438 1962 1472 2019 in

313 2061 518 2135 Thuanaeum,
533 2064 622 2123 altera
641 2065 671 2123 in
691 2075 805 2125 ceteros
826 2066 943 2125 codices
964 2066 1104 2141 peruenit.
1147 2062 1223 2122 Illud
1237 2062 1334 2139 potius
1348 2061 1470 2133 iudico;

313 2162 438 2220 scribam
453 2162 580 2238 aliquem
598 2182 634 2221 ex
652 2164 685 2223 iis
700 2164 749 2239 qui
769 2182 837 2222 eum
855 2164 1078 2240 descripserunt,
1093 2162 1166 2221 haec
1184 2172 1235 2220 aut
1255 2162 1293 2219 ab
1313 2161 1369 2218 alio
1390 2160 1470 2218 libro

312 2263 342 2319 in
361 2280 447 2321 suum
469 2264 618 2341 exemplar
636 2264 775 2336 intulisse,
795 2276 845 2324 aut
866 2282 919 2341 per
940 2282 1067 2323 errorem
1090 2265 1269 2321 immutasse.
1311 2260 1471 2333 Quantum

311 2371 409 2419 autem
437 2362 549 2421 scribae
578 2364 743 2434 errauerint,
766 2365 830 2441 ipse
855 2362 1035 2422 Thuanaeus
1063 2364 1174 2438 optime
1202 2371 1331 2419 testatur.
1373 2358 1471 2418 Cuius

313 2476 426 2517 errores
446 2460 470 2518 si
490 2472 623 2519 accurate
645 2463 780 2539 perpensi
802 2462 915 2532 suerint,
936 2462 1047 2521 facilius
1068 2462 1242 2536 intelligetur
1262 2459 1355 2536 qualis
1380 2458 1470 2517 fuerit

313 2558 338 2615 is
359 2558 438 2616 unde
459 2568 488 2617 et
509 2560 572 2635 ipse
587 2558 766 2620 Thuanaeus
788 2571 817 2619 et
838 2563 925 2621 ceteri
947 2562 1068 2621 deriuati
1090 2570 1157 2619 sunt
1177 2556 1318 2619 codices¹.
1361 2557 1470 2635 Itaque

315 2654 534 2716 confunduntur
548 2656 578 2715 in
597 2656 629 2714 Τ

518 2826 546 2894 b,
562 2842 598 2901 ps
666 2826 872 2904 memorapsile
887 2850 919 2879 =
934 2827 1123 2886 memorabile

668 2942 790 3001 eospem
806 2948 837 2978 =
852 2925 974 2985 eosdem

672 3024 782 3100 apsi:
798 3025 852 3083 atsi

668 3123 800 3183 mulcens
815 3148 847 3175 =
861 3125 990 3183 mulcent

520 3220 569 3291 tui,
584 3238 625 3297 pu
667 3221 800 3297 tuignare
815 3247 847 3275 =
862 3242 994 3300 pugnare

515 3336 545 3389 -e,
561 3338 581 3377 u
670 3322 813 3381 credelius
828 3322 1018 3381 :crudelius

521 3417 583 3485 it‚a
670 3419 783 3478 solit:
800 3420 864 3478 sola

521 3517 565 3587 i‚t
671 3529 763 3578 certes
775 3532 802 3577 ,1.
818 3542 849 3571 =
864 3530 969 3579 certest

318 3696 436 3756 Horum
458 3709 526 3759 sunt
547 3717 622 3775 quae
643 3700 681 3763 ad
703 3699 829 3761 maiores
850 3702 946 3761 literas
967 3702 1121 3761 referenda
1142 3702 1294 3774 uidentur;
1320 3711 1352 3761 ut
1373 3718 1469 3760 meme

317 3796 421 3871 rapsile
443 3815 479 3855 ex
503 3797 633 3857 confusis
659 3797 689 3869 Β,
708 3796 737 3869 Β,
758 3810 857 3875 eospem
881 3818 918 3858 ex
947 3798 1011 3873 ΡΙ),
1036 3801 1126 3860 APSI
1151 3820 1189 3860 ex
1211 3798 1284 3875 ‘l'P3
1312 3810 1410 3860 cetera
1432 3816 1469 3858 ex

318 3895 489 3954 minusculis
507 3906 715 3972 prouenerunt.
757 3898 845 3958 Vnde
859 3900 968 3959 mixtae
982 3900 1117 3959 uidentur
1131 3900 1220 3959 fuisse
1233 3900 1359 3959 maiores
1373 3900 1470 3958 mino-

318 4012 423 4071 resque
450 3994 549 4054 literae
561 4014 568 4067 ;
602 3997 683 4072 quod
712 3998 889 4056 confirmant
916 3998 1005 4058 etiam
1031 3998 1133 4075 reliqui
1160 3999 1288 4070 codices,
1312 3998 1469 4076 praecipue

319 4092 463 4154 Datanus.
505 4094 565 4155 Hic
584 4096 663 4154 enim
683 4096 778 4155 codex
793 4115 973 4174 quamquam
987 4109 1112 4158 exeunte
1131 4099 1249 4159 saeculo
1263 4098 1322 4157 XV
1335 4098 1468 4175 scriptus,

354 4320 362 4349 ¹
380 4322 434 4369 Non
454 4322 507 4369 dieo
527 4320 677 4382 archetypon,
695 4321 757 4381 quod
777 4322 851 4383 ipsum
870 4323 959 4387 paginis
977 4320 1009 4371 16
1027 4339 1141 4380 uersuum,
1160 4326 1197 4388 (ut
1214 4334 1293 4387 postea
1313 4326 1468 4373 demonstrare

321 4402 441 4463 conanae)
454 4406 492 4451 sed
507 4403 573 4451 nullis
588 4402 677 4450 omissis
690 4402 792 4450 uersibus
806 4404 944 4467 descriptum
959 4413 1000 4453 est.
1034 4406 1121 4453 Contra
1133 4408 1157 4454 in
1168 4422 1197 4454 eo
1208 4408 1268 4454 unde
1279 4408 1323 4455 orti
1336 4416 1388 4455 sunt
1399 4401 1470 4453 Dar

321 4486 429 4533 nonnulla
442 4496 503 4534 certe
516 4488 646 4533 exciderant
658 4494 709 4545 post
721 4501 742 4532 u¹
754 4499 793 4547 32.
