3142 5059
461 385 690 445 CARMINVM
716 387 904 448 CATVLLI.
1195 392 1254 447 261

100 565 152 647 (3)
165 578 233 644 post
246 586 275 627 u.
292 570 329 642 58
344 567 514 627 addendum
528 570 565 627 sit
578 568 704 639 ἐφύμνιον
716 568 828 643 Hymen
845 568 871 627 0
883 568 1047 645 Hymenaee,
1061 569 1172 645 Hymen
1193 570 1257 629 ades

104 665 135 724 0
147 665 304 741 Hymenaee
317 684 355 728 an
369 666 505 725 consulto
519 667 556 724 sit
570 667 720 725 omissum

147 758 193 840 (1)
208 781 236 821 u.
252 781 288 833 14
303 760 364 819 Nec
382 764 484 820 me'rum
498 764 612 837 penetus
633 781 702 837 quae
718 768 772 820 tela
793 768 876 821 menle
897 764 1026 823 laborant
1044 765 1074 823 in
1095 765 1159 823 solo
1174 764 1256 823 Thu·

101 878 201 918 anaeo
222 860 325 918 codice
346 869 434 929 extat,
449 878 505 918 nec
528 860 559 917 in
580 878 617 919 eo
638 860 787 936 legebatur
807 861 908 919 codice
932 862 982 937 qui
1000 862 1119 919 ineunte
1139 861 1255 921 saeculo

100 956 181 1015 XIV
195 956 346 1015 Veronam
360 957 497 1015 reductus
520 967 572 1015 est.
615 955 726 1016 Versus
745 959 770 1016 si
790 978 859 1017 uere
879 958 985 1017 Catulli
1004 968 1056 1029 est,
1077 969 1127 1017 aut
1149 960 1256 1017 excidit
1324 980 1327 985 ·

101 1073 184 1113 unus
206 1056 280 1113 inter
299 1053 364 1133 (58)
384 1065 412 1112 et
427 1051 493 1133 (66)
510 1064 560 1113 aut
582 1054 704 1132 stropha
727 1076 755 1131 9,
776 1056 975 1134 antistrophos
999 1059 1017 1114 8
1040 1066 1084 1115 est
1108 1074 1253 1115 uersuum.

101 1154 180 1212 Esse
210 1163 308 1212 autem
336 1152 442 1212 Catulli
466 1153 535 1212 ideo
566 1154 703 1212 credibile
732 1163 784 1224 est,
807 1155 889 1230 quod
915 1154 1032 1213 saeculo
1061 1154 1090 1211 X
1117 1154 1255 1229 perpauci

101 1264 190 1311 erant
203 1252 254 1327 qui
268 1271 336 1310 eum
350 1252 557 1327 interpolarent
565 1270 574 1323 ;
596 1252 703 1310 deinde
724 1252 915 1328 simplicitatis
936 1252 1036 1311 nescio
1051 1252 1122 1327 quid
1136 1251 1255 1311 habeta

102 1349 224 1409 Catullo
238 1368 299 1408 non
314 1350 442 1421 alienae3
461 1359 611 1426 postremo
625 1350 728 1409 melius
742 1350 784 1409 sic
799 1350 998 1410 conlonnatur
1009 1351 1101 1410 oratio
1116 1351 1255 1409 iuuenum

106 1466 217 1522 11—19,
233 1448 311 1509 cadit
326 1448 406 1506 enim
422 1448 453 1506 ia
469 1447 543 1507 duas
560 1457 658 1525 partes
672 1457 880 1524 quaternorum
899 1467 1046 1520 uersuum,
1062 1449 1167 1525 quibus
1186 1449 1255 1507 sub-

102 1546 231 1603 nectitur
244 1546 378 1618 tplaewv·
399 1555 521 1621 utraque
535 1555 634 1603 autem
647 1564 715 1621 pars
729 1564 782 1622 per
797 1564 828 1604 se
843 1546 929 1622 plena
944 1564 978 1605 ac
993 1546 1121 1622 perfecta
1134 1556 1186 1605 est.

149 1640 191 1699 Hi
202 1643 288 1717 igitur
297 1660 407 1701 nouem
417 1660 519 1701 uersus
530 1643 637 1718 quibus
646 1643 824 1718 respondere
836 1639 987 1721 (59)-(66)
1001 1642 1058 1699 iam
1070 1650 1255 1717 perspexerat

102 1740 248 1811 Naekius,
260 1758 400 1817 paremne
413 1740 524 1799 habent
538 1740 578 1798 ibi
592 1759 747 1799 numerum
757 1759 796 1799 an
807 1759 867 1799 uno
878 1758 965 1799 uersu
978 1741 1122 1798 minorem
1136 1738 1255 1815 stropha

102 1840 330 1917 antistrophon?
352 1839 383 1897 Si
394 1857 454 1897 uno
465 1841 618 1909 minorem,
628 1839 697 1897 lecit
707 1838 838 1897 Catullus
850 1839 930 1915 quod
944 1839 1059 1915 saepius
1071 1837 1254 1908 Theocritus

100 1949 139 1998 ut
161 1940 191 1996 in
210 1938 276 1997 Eid.
292 1937 336 1997 IV
351 1936 500 2014 Corydoni
526 1947 555 1995 et
574 1936 661 1996 Batto
685 1955 771 2012 pares
796 1954 911 2013 semper
933 1937 1096 1995 tribuuntur
1118 1934 1254 2011 strophae

101 2037 164 2096 nisi
191 2035 271 2114 quod
299 2036 389 2095 semel
417 2033 558 2110 Corydon
589 2052 697 2094 nouem
726 2031 863 2112 (ορ-37),
892 2034 993 2093 Battus
1021 2034 1124 2093 decem
1152 2052 1255 2093 uersus

101 2134 207 2192 recitat
229 2130 364 2210 (44-53).
414 2132 527 2190 Rursus
551 2132 582 2189 in
610 2132 675 2191 Eld.
690 2131 767 2190 VIII
793 2131 946 2205 Menalcae
974 2142 1042 2191 octo
1069 2132 1255 2191 hexametros

101 2230 225 2289 canenti
239 2226 366 2309 (⁶3·l¹)
384 2227 517 2305 Daphnis
534 2247 644 2288 nouem
662 2230 767 2305 regerit
783 2225 919 2307 (72-80).
963 2229 1022 2289 Sed
1037 2240 1065 2287 et
1079 2230 1255 2289 exactiorem

102 2335 284 2386 concentum
309 2337 388 2385 arnat
408 2324 539 2385 Catullus
560 2336 590 2384 et
609 2343 701 2384 unum
725 2344 844 2385 uersum
867 2326 1008 2385 excidisse
1032 2326 1127 2385 forma
1147 2326 1256 2385 indicat

102 2424 264 2500 archetypi.
307 2424 399 2483 Hunc
413 2433 482 2500 post
496 2422 561 2503 (59)
577 2424 786 2496 Rossbachius,
801 2434 869 2500 post
884 2424 948 2504 (65)
964 2425 1111 2501 Hauptius
1126 2434 1154 2483 et
1168 2424 1254 2483 Pleit·

104 2540 196 2580 nerus
209 2533 379 2598 posuerunt,
394 2540 452 2597 ego
466 2532 534 2598 post
549 2519 623 2601 (62).
660 2520 736 2580 Illud
750 2523 829 2580 enim
843 2522 891 2581 hic
905 2523 992 2583 uideo
1008 2522 1154 2581 Catullum
1168 2522 1255 2581 affec-

103 2631 185 2679 tasse
204 2628 236 2677 ut
251 2638 287 2677 ex
306 2619 459 2677 uocabulis
475 2637 551 2695 quae
570 2620 601 2677 in
619 2636 800 2696 unoquoque
821 2639 907 2679 uersu
928 2630 1003 2693 sunt,
1025 2638 1116 2680 unum
1137 2621 1256 2696 aliquod

103 2720 138 2775 in
158 2718 294 2793 proximo
313 2726 464 2793 repeteret.
507 2717 555 2775 Sic
565 2727 668 2793 pugna
680 2726 815 2793 pugnare
836 2719 897 2793 (59,
913 2722 976 2793 60),
990 2726 1074 2793 paler
1089 2725 1171 2793 paler
1192 2720 1254 2791 (60,

105 2818 171 2888 61),
186 2822 271 2890 parte
284 2824 360 2890 pars
380 2812 441 2893 (62,
457 2812 519 2891 63),
532 2816 616 2873 tertia
634 2818 716 2873 lerna
737 2814 798 2894 (63,
814 2814 874 2894 64).
917 2817 955 2876 Et
975 2817 1033 2877 hoc
1054 2818 1084 2876 iu
1102 2814 1255 2897 (62)-(65)

103 2913 175 2972 lecit
190 2922 240 2983 ter,
255 2931 317 2971 non
338 2912 407 2971 fecit
426 2914 457 2971 in
471 2922 575 2989 quarto
584 2930 593 2983 ;
613 2914 693 2972 unde
710 2914 838 2989 priorem
856 2916 995 2988 περικοπὴν
1009 2926 1133 2992 quatuor
1153 2932 1256 2974 uersus

103 3010 365 3085 comprehendisse
380 3011 435 3069 sub
449 3010 552 3069 ilsdem
565 3010 680 3086 legibus
693 3011 829 3070 credibile
843 3022 895 3070 est.

149 3108 305 3167 Habemus
318 3109 405 3184 Igitur
419 3122 457 3183 55
473 3130 491 3185 9
629 3130 647 3185 9
671 3152 677 3167 .
700 3109 769 3185 Ipsa
783 3111 961 3170 concertatio
976 3129 994 3169 a
1007 3110 1126 3187 stropha
1139 3120 1169 3168 et
1182 3111 1256 3169 anti·

103 3203 231 3279 stropho
249 3205 351 3280 incipit
369 3222 507 3263 uersuum
524 3222 663 3264 senorum
677 3206 724 3263 uel
741 3208 905 3280 potius5÷
918 3226 942 3265 r.
985 3207 1128 3265 Secuntur
1141 3215 1255 3282 septem

103 3302 206 3359 manci
217 3299 362 3380 (32-38);
382 3311 445 3360 tum
459 3301 579 3379 stropha
592 3312 621 3361 et
634 3303 832 3378 antistrophos
847 3304 997 3373 denorum,
1012 3305 1090 3379 prior
1102 3299 1254 3382 (39)-(48)

103 3420 124 3459 a
143 3400 306 3475 uirginibus
326 3408 442 3459 cantata
460 3418 529 3459 cum
547 3399 664 3477 ἐφνμνίφ
683 3400 793 3476 Hymen
808 3400 832 3460 0
845 3400 1008 3477 Hymenaee,
1023 3400 1131 3476 Hymen
1149 3400 1213 3457 ades
1231 3400 1255 3459 0

102 3498 270 3574 Hymenaee,
283 3494 435 3576 (49)-(58)
448 3497 536 3556 altera
548 3516 566 3556 a
578 3498 733 3557 iuuenibus
746 3497 800 3556 sed
815 3498 875 3557 sine
889 3497 1013 3574 ἐφνμνίῳ.
1057 3497 1256 3573 Reprehendit

103 3598 166 3657 hoc
181 3596 363 3672 Spengelius,
379 3596 547 3673 addiditque
561 3596 687 3668 ἐφύμνιον
701 3598 839 3656 iuuenum
853 3596 990 3673 strophae
1005 3606 1073 3673 post
1088 3592 1161 3676 (58).
1197 3595 1256 3657 Sed

102 3712 177 3754 cum
192 3693 272 3769 prior
291 3692 411 3769 stropha
428 3712 465 3751 ro
478 3712 626 3765 uersuum,
641 3694 839 3770 antistrophos
855 3693 992 3755 undecim
1007 3695 1065 3754 iam
1079 3694 1156 3755 facta
1170 3706 1255 3767 esset,

103 3810 226 3851 uersum
240 3792 378 3869 strophae
393 3791 473 3851 addit
486 3801 554 3869 post
569 3788 633 3871 (39)
648 3801 760 3851 mutato
774 3800 808 3850 ul
813 3794 871 3869 fles
884 3794 915 3851 in
929 3792 1023 3869 ulfias
1036 3794 1107 3868 qui,·
1129 3793 1256 3853 eundem

103 3899 177 3968 post
188 3886 253 3967 (40)
265 3888 456 3949 Hermannus
470 3901 499 3949 et
510 3890 665 3966 Hauptius,
680 3900 748 3966 post
762 3888 828 3969 (41)
845 3890 1042 3950 Froehlichius
1058 3890 1257 3951 Rossbachius

103 3986 281 4047 Leutschius
308 3986 470 4047 Pleitnerus
501 3989 692 4046 lnsemerunt
749 3987 814 4047 Nec
842 3990 973 4065 negarIm
1004 3989 1062 4048 hoc
1092 3990 1257 4049 confirmari

102 4083 298 4161 antistropho,
321 4086 404 4145 cuius
423 4086 509 4143 Hanc
532 4086 609 4143 nulli
626 4086 772 4161 agricolae,
795 4088 870 4144 nulli
887 4088 991 4145 coluere
1010 4088 1123 4145 r'naenci
1140 4088 1257 4163 quintus

103 4183 153 4255 sit,
169 4182 287 4257 quintus
301 4192 399 4241 autem
414 4183 552 4259 strophae
565 4201 645 4241 nunc
660 4182 709 4242 fiat
722 4183 815 4241 Multi
825 4184 904 4241 illam
912 4184 1004 4259 paeri,
1018 4185 1119 4241 multae
1132 4192 1257 4258 optamre

96 4280 233 4358 puellae,·
265 4280 346 4357 quod
368 4280 449 4339 Idem
473 4280 551 4340 cadit
572 4282 602 4338 in
624 4280 718 4338 Mulli
741 4282 821 4339 ellam
847 4282 993 4357 agricolae,
1015 4282 1100 4339 multi
1121 4280 1257 4337 accoluere

102 4379 219 4438 enmnn'
238 4377 285 4437 cui
305 4377 485 4461 respondeat
506 4379 537 4436 in
561 4377 682 4454 stropha
702 4376 794 4437 Nulli
814 4380 893 4437 ellum
910 4379 1001 4453 paeri,
1020 4378 1112 4437 nullae
1131 4383 1256 4451 eplanere

98 4476 216 4554 puellm.
262 4474 321 4535 Sed
336 4486 434 4534 tamen
448 4494 551 4534 uereor
566 4494 603 4534 ne
618 4486 726 4535 temere
741 4475 797 4533 hoc
811 4476 984 4535 admittatur.
1024 4474 1102 4535 Nam
1116 4476 1254 4533 iuuenum
