3142 5059
331 380 390 437 224
735 378 790 439 DE
815 377 1074 442 PARTITIONE

329 564 427 639 XXX,
455 566 561 629 Horati
581 566 615 627 C.
635 564 658 625 1.
676 584 722 637 rr,
747 566 771 626 1.
790 570 835 637 18,
859 564 911 625 IV.
934 586 962 643 9,
990 584 1065 643 qnae
1093 568 1192 627 omnia
1219 570 1283 623 mel
1311 567 1361 623 tio
1393 570 1483 629 citandi

328 676 460 744 possum
505 665 638 739 Quodsi
658 666 689 724 in
706 665 884 725 carminibus
904 666 1091 742 ambigebant
1111 682 1186 743 quae
1206 676 1236 725 et
1256 665 1360 725 brettis
1382 678 1482 727 ment

329 773 358 823 et
372 766 435 841 pari
448 782 571 825 numero
584 781 730 835 uersuum,
745 763 838 823 multo
851 764 946 841 magis
967 766 997 823 in
1020 764 1208 841 longioribus,
1225 766 1389 841 praecipue
1411 784 1481 825 uero

328 862 379 921 ubi
392 862 486 939 inpari
498 879 635 921 uemunm
649 878 772 920 numero
785 862 911 937 partium
924 862 1111 938 aequabilitas
1125 863 1154 921 in
1168 863 1296 922 obscuro
1310 874 1403 923 esset

369 957 434 1019 Nec
466 959 574 1019 desunt
606 960 686 1035 apud
718 959 816 1035 ipsum
843 958 1094 1035 Hephaestionem
1128 960 1263 1037 exempla
1296 960 1479 1020 huiusmodi.
1531 1040 1532 1045 ἵ

327 1057 531 1131 Naminiaa
546 1056 833 1119 ubidetetrametris
847 1056 995 1133 dactylicis
1009 1057 1142 1128 dicithis
1155 1059 1252 1119 uerbis
1265 1060 1358 1119 utitur
1373 1063 1480 1116 mir&
1531 1046 1532 1125 l

325 1158 506 1229 dmuhriw
520 1159 550 1214 dd
570 1159 601 1213 τὸ
622 1158 793 1231 τετράμετρον
804 1156 962 1229 Ἀρχίλοχος
981 1156 1088 1229 ἶνδοξον
1107 1158 1214 1229 let-cipue
1233 1159 1276 1215 dal
1295 1160 1328 1215 rel
1348 1161 1479 1233 προτάξαι
1531 1180 1532 1209 r

326 1257 391 1313 adad
402 1258 542 1330 τροχοῖοοῦ
554 1258 602 1311 τοῦ
614 1254 772 1327 καλουμένου
785 1255 968 1328 ῐθιφολλικοῦ,
983 1252 1071 1313 edne.

508 1368 605 1427 alate
619 1368 809 1442 ὅμοεθόλλειο
820 1370 921 1427 inab
933 1372 1009 1443 χρόα.
1030 1372 1288 1445 κόρῲσωγὸρῆδο.

324 1483 1173 1561 meauoameemaerenmmne

509 1598 586 1658 3¹3⁰,
600 1600 656 1675 ⁸7²>
670 1604 817 1671 mma
832 1598 943 1675 θῦῪΜΡ
956 1602 1025 1672 Διὸς»

507 1698 568 1773 dpx’
582 1700 679 1773 eperat
692 1696 782 1771 daim,
797 1700 840 1755 lul
853 1698 876 1754 δ’
890 1696 980 1773 ἵμερον

508 1794 580 1875 ὕμνῳ
593 1800 634 1855 cul
646 1799 771 1873 χαρίεντα
782 1796 849 1854 ridet
861 1800 950 1870 χόρον.
1531 1850 1532 1879 ἦ

367 1907 433 1973 Has
453 1912 588 1990 strophas
608 1914 751 1974 trinorum
773 1912 863 1973 fuisse
886 1928 1024 1973 uersuum
1049 1912 1135 1971 docet
1154 1908 1304 1971 Maximus
1325 1910 1475 1975 Planndes
1531 1946 1532 1949 ¹

326 2008 377 2083 (V.
393 2007 464 2090 510)
478 2010 541 2082 αὕτη
555 2012 571 2082 ἡ
585 2012 689 2085 στροφὴ
703 2014 731 2067 da
747 2016 824 2084 τριῶν
839 2012 898 2066 ἐστι
915 2012 1004 2067 κώλων
1021 2012 1179 2067 detrudere&
1199 2011 1347 2084 ἱσομὰρον
1367 2035 1475 2088 wyrst-

323 2106 409 2181 piaffl.
443 2108 483 2167 At
497 2110 575 2168 enim
588 2108 646 2169 hoc
660 2110 756 2185 ipsum
770 2108 851 2186 quod
866 2109 895 2167 in
909 2110 999 2169 tribus
1013 2110 1112 2169 metris
1126 2108 1260 2186 strophas
1272 2110 1474 2190 ponitHeph-
1531 2122 1532 2157 ³

324 2210 425 2280 aestio,
440 2225 501 2267 non
518 2208 601 2286 ponit
619 2208 650 2267 in
668 2208 779 2278 ceteris,
800 2216 972 2285 argumento
991 2217 1035 2267 est
1052 2208 1119 2266 abbi
1139 2224 1208 2267 eum
1221 2225 1283 2268 non
1299 2226 1474 2285 agnoscere.
1531 2228 1532 2235 ¹

324 2302 405 2383 Ergo
428 2304 509 2384 qnod
535 2305 605 2365 nihil
633 2306 701 2366 dicit
724 2304 908 2383 Hephaestio
931 2306 968 2365 de
993 2304 1167 2365 hexametris
1189 2307 1218 2365 in
1243 2307 1381 2385 strophas
1411 2311 1476 2387 lege

323 2406 486 2464 amoebaea
506 2402 663 2481 dispositis,
678 2405 807 2481 arguitur
828 2402 961 2481 strophas
985 2404 1015 2463 in
1035 2404 1210 2465 hexametris
1232 2423 1294 2464 non
1315 2408 1476 2482 posuisse?
1531 2428 1532 2463 l

323 2500 399 2575 Quis
420 2512 465 2561 cst
484 2512 582 2562 autem
603 2502 653 2579 qui
676 2503 810 2562 matrices
829 2502 992 2561 doctrinam
1011 2502 1098 2561 etiam
1119 2502 1218 2579 primis
1238 2502 1325 2563 labris
1347 2506 1476 2581 attigerit
1531 2496 1532 2503 ἵ

323 2601 374 2678 qui
404 2600 516 2660 nesciat
543 2599 734 2659 Theocritum
762 2598 887 2659 Bionem
915 2598 1081 2672 Moschum,
1105 2610 1137 2660 ut
1165 2600 1234 2660 nihil
1261 2601 1299 2660 de
1326 2600 1475 2663 Romanis

323 2698 428 2769 dicam,
442 2698 577 2757 bucolica
590 2698 720 2757 carmina
732 2698 763 2756 in
777 2698 912 2775 strophas
925 2698 1073 2775 redegisse
1092 2708 1171 2759 certa
1188 2700 1255 2777 lege
1272 2698 1327 2759 sibl
1349 2718 1473 2778 respou-

323 2794 449 2854 dentes?
489 2793 580 2867 Quod
601 2813 662 2854 non
676 2794 805 2856 Bucolici
826 2797 880 2856 soli
899 2796 1037 2868 fecerunt,
1052 2797 1104 2856 sed
1127 2796 1247 2874 Sappho
1267 2798 1366 2869 etiarn,
1381 2808 1416 2858 ut
1437 2819 1474 2858 ex

323 2890 428 2951 Catulli
449 2912 474 2951 c.
488 2892 574 2951 LXII
597 2891 692 2969 Vesper
711 2892 795 2962 adest,
820 2894 936 2965 ramnes,
961 2898 1135 2971 consurgite:
1163 2894 1260 2971 Vesper
1276 2894 1390 2972 Olympo
1412 2898 1474 2956 iure

323 2988 465 3065 colligitur
486 2986 606 3069 (Rossb.
621 3001 650 3049 ct
664 2990 795 3067 Westpb.
814 2989 853 3051 ΙΙ.
868 3011 897 3070 p.
910 2988 970 3070 ογ).
1012 2990 1096 3051 ldcm
1116 2992 1299 3069 Hephaestio
1320 2992 1415 3053 multa
1436 2996 1473 3053 de

322 3086 487 3164 anapaestis
513 3088 608 3161 tradit,
631 3088 702 3147 nihil
727 3088 765 3147 de
790 3090 956 3167 synapbeia
1008 3090 1120 3151 Primus
1146 3092 1225 3149 enim
1247 3089 1316 3171 (nisi
1339 3091 1471 3167 excipias

323 3186 492 3271 Tereptiani
514 3186 611 3247 Mauri
633 3191 753 3248 breuem
774 3189 950 3249 uersiculum
971 3188 1043 3269 512)
1064 3189 1100 3251 R.
1116 3188 1265 3249 Bentleius
1286 3191 1317 3247 in
1336 3188 1472 3267 Epistola
1531 3238 1532 3245 ,

322 3288 361 3349 ad
374 3288 498 3349 Millium
520 3300 550 3349 et
568 3300 671 3368 postea
690 3290 722 3348 in
739 3288 950 3351 Dissertatione
971 3289 1008 3350 de
1029 3290 1188 3364 Phalaride,
1207 3290 1288 3367 quod
1310 3302 1378 3350 ante
1401 3310 1471 3351 eum

230 3388 245 3409 '
322 3411 412 3454 nemo
434 3394 611 3465 obseruarat,
633 3410 788 3453 numerum
808 3392 838 3451 in
859 3402 1083 3469 anapaestomm
1108 3392 1272 3469 systematis
1295 3392 1469 3462 continuari,

321 3511 417 3571 neque
430 3510 555 3569 usquam
570 3492 696 3569 syllabae
712 3491 829 3568 ancipiti
845 3490 943 3550 locum
960 3490 1083 3549 concedi
1097 3489 1170 3549 uidit
1176 3486 1196 3547 ².
1239 3488 1361 3549 Veteres
1383 3490 1470 3566 igitur

322 3590 347 3649 si
365 3601 415 3649 aut
435 3590 507 3648 nihil
526 3599 576 3649 aut
594 3607 740 3667 perpauca
760 3588 798 3647 de
819 3587 978 3665 synapheia
1000 3586 1187 3660 tradiderunt,
1207 3588 1269 3647 siue
1289 3588 1385 3664 ignari
1405 3590 1468 3647 sine

321 3689 403 3765 quod
422 3688 539 3746 breuius
559 3706 622 3746 rem
642 3696 809 3759 tractarunt,
831 3687 892 3745 siue
913 3686 993 3764 quod
1012 3687 1145 3763 neglecta
1164 3704 1378 3764 nonnunquam
1399 3685 1467 3759 est³,

321 3785 430 3844 idcirco
452 3784 628 3862 synapheiae
654 3784 753 3844 locum
780 3802 867 3844 suum
888 3786 1051 3862 negemus?
1078 3782 1135 3844 Vel
1158 3785 1266 3845 sinon
1288 3785 1395 3847 desunt
1417 3804 1466 3845 ex-

322 3882 420 3960 empla
439 3883 620 3942 senariorum
640 3883 733 3960 qualis
754 3881 801 3942 hie
822 3893 867 3943 cst

640 4000 740 4060 'nctus
752 4004 768 4057 ὁ
780 4002 919 4075 χαλκέοισι
933 4004 1022 4061 νώτοις
1035 4004 1142 4077 οὐρανὸν

354 4158 363 4188 ¹
379 4158 498 4208 Rossbach
509 4159 556 4205 mrd
566 4159 684 4221 Wectphal
696 4160 843 4209 Griechisehe
855 4159 943 4208 Metrilr
953 4161 983 4209 Il.
994 4174 1017 4221 p.
1027 4160 1065 4209 28.

352 4240 363 4271 ²
379 4242 504 4290 Hermann.
520 4241 632 4289 Element.
649 4242 772 4290 Doctrinae
790 4243 902 4290 Metricae
919 4244 949 4290 11.
966 4259 985 4290 c.
998 4254 1037 4304 32.
1083 4242 1148 4289 nude
1164 4240 1295 4289 Tererth'an.
1310 4242 1388 4291 Maur.
1404 4255 1462 4305 1404

324 4323 406 4374 Vm
422 4326 458 4373 bie
475 4340 592 4388 numm
609 4324 719 4381 vacillatc
740 4326 782 4374 hoc
797 4340 838 4373 eno
855 4326 954 4373 reddam
968 4325 1026 4380 loeo.
1037 4324 1099 4386 qnod
1116 4324 1144 4371 de
1157 4322 1280 4385 aynapbcia
1294 4325 1381 4374 dictum
1397 4327 1462 4373 habet

321 4408 446 4472 Coningto.

354 4496 365 4525 ¹
379 4498 437 4545 Vide
448 4499 551 4560 exempla
563 4498 586 4545 in
598 4498 681 4547 Rosab.
692 4507 716 4546 et
727 4496 831 4560 Wertplt.
844 4496 936 4545 Grlech.
949 4496 1044 4545 Metrilr.
1056 4496 1085 4545 ll.
1097 4510 1136 4557 pp.
1147 4495 1251 4559 98-100.
