3142 5059
325 373 385 432 286
725 369 780 430 DE
806 368 1073 431 PARTITIONE

570 556 677 632 iugum
691 555 800 624 tulisse.
814 555 900 616 uera
911 555 975 616 siue
989 555 1109 614 dextera

571 653 696 730 Strignre
711 653 800 724 mula,
814 653 878 714 siue
890 654 1027 730 utrinque
1040 664 1188 730 coeperat

513 841 532 892 γ
572 816 677 894 Neque
692 817 750 876 ulla
763 829 834 878 uota
847 817 1026 878 semitalsbus
1039 816 1103 876 deis

572 913 632 974 Sibi
647 933 712 976 esse
727 915 813 986 iacta,
827 925 942 993 praeter
954 913 1013 974 hoc
1025 915 1234 984 nouissimum.

571 1011 696 1072 Paterna
708 1013 779 1084 lora,
795 1013 1020 1090 proximumque
1034 1013 1190 1091 pectinem.

573 1175 632 1236 Sed
646 1177 720 1238 haec
735 1179 815 1256 prius
829 1176 909 1236 luere
916 1197 925 1250 ;
948 1195 1027 1236 nunc
1040 1177 1192 1236 recondita

572 1273 719 1352 Sedetque
733 1275 812 1346 sede,
827 1293 917 1352 seque
930 1274 1047 1334 dedicat
1060 1275 1111 1332 tibi

571 1369 704 1432 Gemelle
718 1371 825 1433 Castor
838 1381 868 1432 et
884 1373 1008 1449 gemelle
1022 1371 1162 1432 Castoris.
1458 1384 1489 1438 ²5

369 1591 486 1652 Obiecit
507 1591 579 1652 mihi
600 1592 750 1670 Coningto
771 1593 859 1672 quod·
872 1611 947 1671 quae
972 1613 1064 1670 pausa
1088 1593 1217 1672 rhythmi
1242 1607 1289 1656 est
1317 1597 1354 1654 in
1378 1591 1490 1653 Phaseli

329 1691 460 1750 uersibus
478 1709 509 1750 rr
526 1689 642 1750 comata
656 1691 752 1758 silum·
771 1710 836 1750 nant
849 1691 962 1768 Cytorio
975 1693 1006 1750 in
1020 1695 1086 1769 iugo
1101 1707 1137 1766 15
1147 1693 1204 1750 Ait
1206 1693 1355 1767 phaselus
1358 1715 1375 1760 ,·
1392 1693 1489 1748 amira

328 1807 367 1848 ex
380 1789 488 1864 ortgr'ru
500 1787 568 1848 huic
582 1787 651 1848 nihil
665 1789 757 1848 simile
771 1789 802 1848 in
816 1790 1000 1866 antistropho
1014 1789 1166 1862 interatum
1187 1801 1252 1850 tum
1263 1805 1340 1867 post
1354 1810 1416 1866 up
1430 1804 1487 1846 non

329 1887 463 1962 abrumpi
477 1887 649 1958 orationem,
664 1887 834 1964 interrumpi
851 1897 920 1964 post
935 1905 991 1956 ²13
1013 1886 1081 1947 hinc
1097 1887 1242 1964 reliquum
1258 1889 1409 1966 stroplme
1421 1901 1487 1944 cum

221 2045 225 2054 ,
329 1985 512 2062 antistropho
539 1995 715 2044 concentum
743 1983 862 2044 fortuito
889 1985 1039 2045 accidisse.
1092 1985 1152 2045 Hic
1179 2003 1242 2045 non
1265 2004 1387 2064 queror
1410 1980 1486 2060 quod

329 2083 515 2142 minutiorem
535 2091 655 2160 quaerat
674 2093 869 2154 concentum
890 2093 952 2143 tota
971 2084 1051 2142 enim
1071 2101 1117 2142 res
1137 2093 1270 2143 uersauit
1291 2085 1324 2142 in
1347 2081 1484 2146 minutis;

329 2180 382 2240 sed
404 2179 475 2238 dum
498 2179 679 2256 singulorum
701 2197 840 2240 uersuum
863 2181 938 2239 inter
959 2199 992 2240 se
1014 2180 1126 2257 quaerit
1149 2181 1405 2250 conuenientiam,
1427 2193 1485 2237 non

330 2280 429 2341 debuit
442 2279 669 2356 praetermittere
686 2279 828 2356 partium
849 2297 905 2340 nec
919 2279 944 2339 si
957 2297 1096 2339 uersuum
1109 2298 1262 2340 caesuram
1279 2281 1315 2339 in
1331 2279 1485 2356 apannis

329 2395 392 2438 non
412 2395 529 2456 semper
548 2377 726 2453 respondere
747 2377 900 2453 intelligas,
922 2377 1030 2437 idcirco
1051 2395 1175 2437 ncesse
1196 2377 1319 2454 quidem
1339 2377 1484 2452 πριωιόσ

329 2475 490 2552 collegeris.
532 2473 607 2548 Quis
621 2485 665 2534 est
679 2475 758 2536 enim
772 2475 823 2552 qui
836 2493 899 2534 non
912 2477 1048 2535 consulto
1062 2475 1092 2534 id
1108 2475 1218 2534 lacmm
1230 2459 1394 2536 existumet
1404 2470 1482 2551 quod

330 2573 454 2633 induas
475 2590 560 2650 pares
582 2583 679 2650 partes
699 2581 729 2632 et
748 2572 879 2650 Epodon
900 2573 1036 2633 diuiditur
1056 2575 1195 2634 carmen?
1236 2573 1297 2632 Sed
1318 2584 1352 2634 ut
1373 2573 1483 2634 existu-

330 2671 422 2742 marit,
437 2671 565 2749 perlecta
583 2669 708 2730 Parodia
726 2670 931 2730 existumabit?
971 2668 1063 2741 Quod
1083 2671 1109 2729 si
1128 2671 1270 2731 maiorem
1290 2673 1480 2747 partitionem

330 2766 452 2838 dederis,
475 2785 527 2826 cur
549 2785 640 2845 neges
665 2767 831 2826 minorem?
873 2765 932 2827 Sed
956 2767 1077 2827 dixerit:
1106 2771 1191 2826 ‘non
1214 2785 1311 2844 nego:
1340 2769 1398 2829 sed
1421 2783 1481 2825 non

330 2863 457 2922 ‘eadem
481 2865 580 2923 estin
604 2875 726 2942 utraque
751 2876 833 2942 parte
857 2865 971 2924 diuisio.
1013 2865 1092 2924 Nem
1113 2865 1235 2942 stropha
1255 2867 1287 2924 in
1309 2881 1339 2940 5,
1354 2881 1384 2940 7,
1407 2863 1479 2926 anti-

330 2959 490 3036 ‘strophos
503 2961 533 3020 in
549 2981 577 3038 9,
592 2981 609 3037 3
625 2963 817 3039 distinguitur.
859 2961 931 3022 Non
949 2963 1028 3022 enim
1046 2963 1078 3021 in
1096 2963 1218 3041 stropha
1236 2964 1291 3022 nisi
1310 2977 1381 3040 post
1402 2981 1433 3039 5,
1450 2963 1480 3020 in

330 3057 536 3136 ‘antistrophe
555 3071 623 3136 post
638 3074 654 3135 7
671 3059 759 3137 plena
772 3061 852 3120 cadit
865 3061 1076 3138 interpunctio!
1119 3060 1178 3120 Sed
1197 3062 1264 3138 quis
1284 3061 1388 3122 docuit
1407 3060 1478 3122 diui·

329 3156 444 3216 sionem
458 3155 498 3215 ibi
511 3165 624 3216 tantum
639 3157 699 3216 fieri
713 3157 763 3217 ubi
776 3158 871 3218 oratio
884 3175 1003 3234 prorsus
1020 3159 1264 3234 interrumpatur?
1304 3158 1478 3219 Videndum

330 3273 369 3314 an
383 3272 444 3315 non
461 3255 541 3315 idem
555 3253 686 3315 Catullus
707 3255 737 3313 in
759 3257 872 3314 minore
892 3256 1047 3333 partitione
1067 3255 1215 3315 admiserit
1235 3255 1317 3333 quod
1339 3260 1429 3317 etiam
1449 3258 1477 3314 in

331 3353 449 3426 maiore,
465 3353 532 3414 dieo
554 3353 584 3412 in
606 3351 747 3427 Strophas
766 3351 974 3430 Antistrophos
991 3353 1123 3430 Epodos‚
1136 3353 1317 3412 admiserunt
1337 3355 1477 3416 Pindarus

330 3449 506 3511 Theocritus
519 3451 575 3510 alii.
606 3451 683 3510 ‘Sed
697 3451 850 3526 quomodo
864 3449 1004 3510 noscesi'
1026 3450 1202 3528 Conparatis
1215 3451 1290 3510 inter
1303 3471 1338 3512 se
1352 3453 1477 3531 Stropha

329 3557 359 3606 et
372 3549 574 3626 Antistropho
617 3547 648 3608 Si
662 3547 741 3607 enim
756 3547 883 3624 Stropha
896 3567 949 3626 per
963 3563 990 3622 5,
1007 3563 1023 3624 7
1038 3548 1248 3626 Antistrophos
1260 3567 1314 3626 per
1328 3569 1357 3625 9,
1373 3570 1392 3626 3
1409 3550 1476 3610 diui-

330 3645 413 3716 ditur,
438 3664 513 3706 unus
538 3663 676 3712 numerus
700 3646 750 3722 qui
775 3646 925 3723 utriusque
949 3647 1116 3706 communis
1139 3647 1177 3707 sit
1200 3646 1312 3706 elicitur
1336 3667 1374 3720 4;
1401 3648 1476 3708 unde

331 3739 458 3816 Stropha
476 3753 525 3802 aut
544 3761 596 3820 per
618 3759 686 3818 543
708 3753 758 3803 eut
780 3759 798 3818 5
810 3763 828 3819 3
842 3765 869 3817 4,
890 3745 1099 3822 Antistrophos
1120 3755 1171 3804 aut
1190 3763 1243 3821 per
1264 3759 1324 3819 543
1346 3756 1398 3806 aut
1420 3764 1474 3821 453

331 3839 530 3900 distribuenda
553 3851 606 3900 est.
647 3841 748 3902 Diuidi
772 3854 870 3903 autem
894 3843 1098 3919 antistrophon
1120 3861 1173 3920 per
1193 3857 1253 3918 543
1274 3843 1423 3920 colligitur
1441 3861 1475 3904 ex

330 3935 453 3996 transitu
472 3935 517 3995 Et
535 3939 598 3996 xinde
612 3943 695 4014 (18);
717 3959 786 4001 nam
807 3941 832 4001 si
853 3952 920 4019 post
934 3953 1070 4019 quartum
1090 3959 1209 4000 uersum
1223 3941 1345 4011 diuidis,
1361 3961 1475 4019 separes

330 4051 405 4114 quae
416 4035 632 4112 coniunguntur
647 4037 705 4096 Tuo
714 4043 818 4098 stetisse
827 4041 895 4098 dicit
905 4060 925 4098 a
938 4041 1077 4098 cucumim
1088 4037 1147 4098 Tuo
1157 4039 1284 4098 imbutise
1293 4039 1439 4114 palmulas
1448 4043 1475 4098 in

330 4150 451 4210 aequore.
480 4133 544 4192 Iam
559 4133 583 4193 si
599 4135 780 4213 Antistrophi
794 4139 907 4197 numeri
922 4148 989 4198 sunt
1001 4152 1069 4212 543,
1081 4137 1237 4196 uerisimile
1250 4147 1295 4196 est
1309 4136 1474 4214 Stropham,

331 4249 419 4310 quam
433 4231 463 4290 in
479 4247 506 4306 5,
520 4246 535 4308 7
551 4233 610 4292 iam
625 4233 750 4295 uidimus
764 4236 876 4307 cadere,
891 4255 990 4295 rursus
1004 4237 1034 4293 in
1049 4250 1109 4310 543
1124 4235 1225 4295 scindi.
1266 4233 1306 4292 Et
1319 4235 1471 4306 scinditur;

330 4348 400 4388 nam
419 4341 487 4407 post
506 4341 753 4391 commemoratos
771 4333 855 4392 locos
868 4351 944 4410 quos
958 4333 1100 4393 Phaselus
1113 4333 1228 4403 uiserat,
1242 4349 1304 4390 non
1318 4332 1420 4390 inscite
1436 4333 1471 4390 ab

331 4427 433 4488 ultimo
456 4429 561 4490 horum
582 4429 677 4490 Ponto
701 4431 836 4491 transitur
856 4431 894 4491 ad
910 4429 1024 4492 Phaseli
1046 4431 1173 4492 natalem
1194 4431 1315 4490 domum
1335 4427 1468 4506 Cytorum
