3142 5059
550 385 607 444 An
632 385 741 446 xcrx.
767 407 794 458 2,
815 405 860 462 η,
1217 388 1276 444 3³⁵

173 564 303 626 Achilles
327 564 431 626 Tatius
455 567 485 624 in
509 566 636 644 Isagoge
664 567 703 628 nd
724 567 807 626 Arati
830 566 991 627 Phaenom.
1010 586 1045 640 14
1072 567 1115 642 (in
1143 565 1277 642 Dionysii

131 663 245 722 Petauii
266 663 445 740 Vranologio
466 668 582 741 12134)
605 669 620 720 d
640 668 687 736 μὲν
706 667 792 740 ἀστὴρ
811 668 853 722 καὶ
872 666 980 739 ἄστρον·
1012 668 1097 723 οὐκέτι
1118 667 1146 721 δὲ
1166 668 1198 722 τὸ
1217 666 1278 722 ἀνά.

130 765 221 820 παλιν.
258 760 341 820 ‘Oros
353 764 440 834 μέντοι
454 764 469 817 ὁ
483 764 652 836 Καλλίμαχον

500 896 561 969 πρὶν
573 894 664 970 ἄστε’ρι
677 901 714 972 τῷ
728 898 869 970 Βερενίκην,

132 1027 177 1082 r’rrl
196 1029 243 1083 τοῦ
262 1029 397 1099 πλοκάμου
417 1029 501 1101 φησὶν
521 1027 550 1086 ὃς
572 1031 602 1100 ἐξ
622 1029 687 1086 ἕπτα
707 1033 862 1104 καταφανῶν
882 1029 1022 1107 σύγκειται.
1065 1033 1164 1085 Τοῦτον
1183 1029 1212 1085 oc*
1232 1028 1279 1083 τὸν

132 1129 268 1197 πλόκαμον
280 1127 327 1182 οὐκ
339 1121 537 1200 οἶδενἈρατον·
557 1129 718 1204 παρπήρησε
733 1131 762 1186 δὲ
776 1133 864 1186 Κόνων
880 1132 895 1186 ὁ
907 1130 1088 1202 μαθηματικός.

175 1255 262 1316 Com.
277 1258 315 1314 82

197 1373 290 1447 Quin
313 1372 438 1448 (Quam
459 1374 558 1449 codd.)
581 1375 732 1437 iocunda
752 1377 836 1435 milri
856 1395 1000 1436 munera
1019 1376 1106 1435 libet
1125 1392 1226 1451 onyx.

175 1512 234 1572 His
247 1531 340 1572 unum
357 1514 420 1590 ipse
433 1514 537 1575 adicio.
580 1515 684 1576 Suidas
698 1521 778 1588 ψόβη·
800 1517 864 1573 ὅστε
886 1517 974 1592 (ὅστις
988 1515 1087 1589 codd.)
1110 1517 1199 1589 φόβης
1219 1517 1279 1586 ξαν-

134 1614 257 1670 eaedem
276 1614 364 1682 ἐκόμα,

133 1762 211 1822 quae
224 1743 315 1804 uerba
329 1761 396 1803 curn
410 1742 579 1803 Catullianis
594 1744 656 1804 istis

177 1881 264 1942 Corn.
281 1885 318 1942 62

399 1979 557 2040 Deuotae
578 1979 663 2041 ilani
684 1981 828 2041 uerticis
848 1982 994 2041 exuuiae

133 2132 197 2173 non
210 2113 307 2192 inepte
322 2114 513 2174 coniunxeris.
555 2113 752 2174 Praecedebat
766 2114 889 2174 sortasse
903 2119 1064 2190 Βόστρυχον.

630 2341 679 2402 Ad
692 2361 720 2401 u.
736 2346 784 2416 78.

175 2473 266 2533 Hune
280 2491 397 2534 uersum
412 2473 452 2533 H.
466 2474 500 2533 Α
517 2473 541 2533 Ι.
557 2473 666 2534 Mrmro
680 2475 722 2534 sic
737 2484 837 2534 censet
850 2475 1037 2534 scribendum

216 2615 366 2688 Quicum
392 2633 458 2692 ego
487 2616 580 2688 (dum
607 2616 708 2691 uirgo
736 2614 912 2692 quondam
940 2614 1018 2689 fuit)
1047 2613 1210 2674 omnibus
1236 2632 1278 2674 ex
1344 2683 1352 2698 ·

299 2732 379 2792 pars

257 2811 467 2890 VnguentiS,
495 2829 562 2872 una
590 2811 685 2870 milia
712 2811 819 2870 multa
847 2812 930 2871 bibi.

134 2947 153 3004 i.
165 2965 190 3006 e.
207 2950 284 3022 ‘quo
298 2961 366 3004 cum
380 2945 487 3003 uertice
500 2945 583 3018 (dum
598 2943 718 3003 domina
731 2945 815 3021 uirgo
830 2943 895 3017 luit)
909 2962 975 3021 ego,
985 2963 1052 3021 pars
1066 2944 1141 3003 illius
1154 2943 1279 3014 uerticis,

135 3051 216 3104 ‘una
230 3045 308 3102 milia
321 3045 412 3102 multa
426 3061 462 3102 ex
478 3043 575 3102 omnis
590 3045 704 3119 generis
718 3045 874 3121 unguentis
893 3044 970 3103 bibi'
988 3055 1148 3120 conparato
1163 3043 1280 3103 Lucreti

135 3161 192 3202 usu
211 3161 253 3201 ex
274 3154 341 3218 post
361 3161 462 3201 casum
483 3161 568 3200 sunm
588 3143 766 3202 collocantis.
816 3143 892 3202 Vide
907 3161 975 3202 eum
989 3143 1026 3201 ad
1041 3142 1154 3201 Lucret.
1169 3142 1193 3201 I.
1209 3146 1278 3213 841.

135 3241 238 3300 PERS
260 3259 313 3318 pro
335 3239 438 3300 PARS
459 3239 547 3300 habet
566 3240 745 3300 Veronensis
766 3240 973 3318 Palimpsestus
993 3240 1066 3298 Plini
1087 3240 1128 3299 H.
1143 3238 1180 3299 N.
1195 3240 1279 3301 XIV.

136 3359 330 3419 wama

471 3522 710 3584 nnnnnnvnr
731 3524 769 3583 ar
790 3522 899 3583 Lxrx.
916 3542 942 3599 3.

176 3675 351 3753 Legendum
372 3673 495 3733 fortasse
519 3673 588 3734 Non
607 3675 637 3732 si
654 3673 732 3732 illam
760 3691 861 3734 carae
888 3673 1036 3752 labefactes
1055 3693 1168 3732 munere
1187 3675 1279 3732 uestri.

137 3775 283 3854 Scriptum
303 3773 396 3834 iuerat
416 3771 682 3832 Nosiillancnre.

454 3999 667 4060 EXCVRSVS
689 4001 727 4060 ad
748 3999 857 4060 XCIX.
875 4019 902 4072 ν,
921 4019 965 4076 13.

178 4153 269 4228 Quod
283 4155 313 4212 in
327 4171 375 4213 uu.
393 4173 418 4224 n,
437 4171 473 4227 13
488 4153 606 4212 codices
623 4161 737 4210 tanturn
759 4169 822 4211 non
840 4169 944 4210 omnes
965 4151 1075 4211 habent
1095 4152 1280 4223 ambrosio,

137 4253 264 4313 editores
299 4253 475 4329 scripserunt
509 4251 691 4323 ambrosia,
721 4261 817 4327 potest
843 4251 874 4310 id
905 4260 1013 4310 temere
1041 4249 1149 4308 sactum
1179 4249 1280 4308 uideri.

136 4351 213 4412 Cum
248 4353 327 4410 enim
365 4351 439 4410 inter
478 4368 510 4408 se
551 4350 751 4426 respondeant
789 4348 968 4407 Sauiolum
1010 4347 1101 4406 dulci
1143 4345 1280 4406 dulcius

136 4451 318 4520 ambrosio,
342 4447 519 4509 Saniolunr
541 4449 633 4508 tristi
657 4447 793 4507 tristius
813 4447 981 4519 elleboro,
1003 4445 1162 4506 elleborum
1183 4455 1280 4504 autern
