3142 5059
529 402 888 464 PROLEGOMENA.
1239 422 1277 461 rt

131 589 255 665 patriam
269 587 423 649 Veronam
437 605 455 646 a
467 586 633 647 Veronensi
652 584 826 647 reductum¹.
869 584 958 645 Vnde
977 586 1097 656 uenerit,
1111 586 1277 661 ignoratum

132 687 227 762 potuit
248 686 431 745 aBritannia
450 685 497 744 uel
511 684 668 756 Hibernia,
683 684 777 761 potuit
797 682 987 743 aGennania
1005 683 1053 742 uel
1068 682 1170 754 Gellia,
1184 684 1279 760 potuit

133 784 221 843 etiam
242 786 281 844 ab
303 784 424 845 Oriente
445 784 491 843 uel
512 786 551 843 ab
571 785 708 861 Aegypto
728 783 836 842 uenire.
879 781 942 841 lam
961 782 1039 841 enim
1058 800 1162 841 omnes
1180 793 1278 859 partes

131 886 213 943 orbis
234 884 437 943 scrutabantur
457 883 595 942 librorum
616 882 746 952 studiosi,
761 882 826 941 Itali
846 882 985 957 inprimis,
999 882 1105 958 quibus
1126 880 1278 941 Romano·

132 1000 198 1041 rum
219 982 327 1059 scripte
347 994 485 1059 tanquam
507 981 698 1058 popularium,
713 998 783 1039 mox
803 981 890 1039 etiam
904 978 1086 1039 Graecorum
1106 997 1192 1039 curae
1213 998 1278 1039 esse

131 1093 302 1157 coeperant.
344 1081 391 1141 Ne
412 1080 516 1157 Anglis
537 1080 655 1157 quidem
681 1097 716 1137 ea
740 1096 810 1138 cura
835 1079 949 1150 deerat;
971 1078 1115 1155 siquidem
1135 1077 1278 1137 Ricardus

133 1176 308 1251 Buriensis²‚
329 1181 379 1257 qui
401 1180 603 1257 episcopatum
624 1178 855 1237 Dunelmensern
875 1178 913 1236 ab
934 1196 1107 1252 ann01333
1126 1194 1220 1253 usque
1240 1177 1280 1237 ad

137 1294 216 1354 1345
232 1280 332 1349 tenuit,
347 1278 416 1337 nihil
437 1278 531 1355 magis
550 1278 580 1335 in
599 1277 680 1336 omni
696 1278 756 1335 uita
769 1276 924 1335 affectabat
937 1294 1026 1353 quarn
1039 1286 1071 1335 ut
1084 1277 1173 1335 libros
1186 1276 1279 1335 unde-

133 1396 252 1455 cunque
273 1377 464 1454 conquireret,
486 1376 574 1453 idque
598 1386 630 1435 ut
654 1376 770 1446 iaceret,
792 1394 855 1434 non
879 1375 974 1435 solum
996 1375 1199 1435 mendicorum
1219 1392 1278 1450 ope

133 1476 268 1535 utebatur
289 1476 365 1533 orbe's
387 1475 516 1533 ambitum
534 1470 790 1549 perlustraverunt,
815 1472 867 1532 sed
891 1470 1092 1531 lebrareirrure⁴
1116 1472 1203 1532 etiam
1225 1482 1279 1547 per

132 1592 250 1650 reginem
263 1572 407 1631 Franaire
424 1571 567 1631 Teutoneite
579 1579 605 1630 et
616 1570 720 1630 Italziee
732 1574 855 1629 notitiem
869 1571 1050 1646 comparabat.

175 1670 267 1744 Quod
287 1672 414 1731 studium
436 1671 460 1729 si
480 1671 511 1729 in
533 1670 633 1747 Anglo
653 1669 714 1740 tuit,
736 1688 862 1747 quorum
882 1670 978 1729 adhuc
997 1669 1029 1727 in
1049 1670 1176 1729 obscuro
1196 1679 1278 1728 erant

132 1772 239 1839 literne,
254 1781 366 1847 quanto
379 1769 473 1845 magis
487 1768 518 1827 in
531 1768 619 1827 Italis.

174 1869 278 1947 Itaque
298 1869 335 1927 ad
349 1868 499 1926 Veronam
518 1866 654 1927 reductus
673 1876 717 1925 est
731 1866 838 1925 Catulli
855 1866 927 1924 liber
943 1875 972 1925 et
985 1866 1104 1943 quidem
1117 1884 1170 1943 per
1184 1864 1277 1927 Vero-

133 1986 266 2037 nensem‚
281 1967 343 2025 siue
363 1966 426 2043 ipse
444 1984 512 2025 eum
531 1974 697 2041 reppererat
714 1965 775 2025 siue
795 1974 947 2023 curauerat
966 1965 1175 2041 indagandum,
1193 1965 1277 2024 annis

132 2065 246 2125 circiter
263 2078 452 2141 1300-1325.
494 2064 571 2123 Eum
585 2064 689 2123 librum
706 2064 838 2139 legerunt
856 2063 896 2121 ibi
916 2064 1038 2139 scriptor
1052 2062 1172 2123 Florum
1185 2061 1277 2122 Vero-

166 2295 175 2325 ¹
191 2296 327 2358 comperari
339 2304 414 2357 potest
425 2310 518 2343 carmen
530 2294 627 2344 Musseti
638 2296 714 2359 (XIV.
731 2311 753 2357 p.
765 2292 799 2358 64
809 2296 846 2344 ed.
856 2294 970 2358 pignoris)

198 2397 242 2445 Aa
252 2396 397 2458 Magistrum
410 2394 556 2442 Gur'zoreieem
570 2394 742 2442 Grometatiem
756 2392 915 2455 Professum
931 2408 984 2441 eum
999 2393 1029 2441 ob
1045 2408 1072 2441 eo
1088 2392 1173 2442 bibrum
1191 2393 1279 2457 Virgiii

232 2479 277 2527 eibi
288 2480 485 2527 accommodatum
495 2486 608 2539 repeteret.

398 2576 510 2640 Virgilius
521 2576 625 2624 tboiomo
636 2590 722 2624 meeum
733 2586 836 2624 meones
846 2575 871 2622 irs
882 2590 936 2630 ereo,

431 2657 541 2720 Ternpore
551 2674 596 2721 prio
607 2656 704 2707 Patous
712 2659 794 2720 puberes
804 2660 835 2706 ob
845 2657 954 2719 eerbesse'‚

396 2740 456 2787 Exul
467 2742 501 2787 od
510 2750 615 2788 externos
625 2740 688 2788 uitro
698 2756 721 2787 se
731 2741 826 2789 σοηηιὶὲε
836 2754 890 2788 oros

430 2822 497 2869 Exilii
505 2831 592 2884 pomos
602 2823 732 2870 wstinuisse
742 2824 828 2871 renim.
878 2846 881 2852 ¹

372 2942 381 2959 ,
397 2904 423 2952 ln
435 2906 532 2966 pstriem
543 2904 607 2961 redii,
618 2906 696 2952 redeat
706 2920 797 2953 semus
807 2914 828 2953 et
837 2905 891 2967 ipse,

428 2988 460 3035 Et
471 3004 544 3036 comes
554 2998 576 3036 et
587 2988 642 3035 sireis
653 2988 682 3036 eit
693 2988 757 3036 uelut
767 2990 884 3049 antefecit.

166 3088 177 3117 ²
193 3088 253 3136 Vide
269 3088 317 3139 eius
327 3088 491 3143 Philobiblioo,
502 3102 571 3150 quem
583 3088 666 3136 librum
677 3102 724 3135 non
735 3089 835 3136 multum
846 3096 900 3135 ente
914 3096 1014 3135 mortem
1030 3086 1124 3149 scripsit.
1159 3088 1280 3153 ‘Affluse-

133 3178 208 3219 'me
228 3171 279 3219 ibeo
298 3172 412 3218 donorum
430 3180 451 3218 et
469 3170 578 3218 ioeoiieem
596 3170 707 3218 eeeuimti
724 3170 829 3233 qum
847 3184 876 3217 oc
894 3170 999 3232 decrepiti
1019 3171 1112 3226 eodi'ees.
1131 3171 1213 3218 noster's
1229 3181 1279 3218 tom

133 3252 279 3315 ‘aspectibru
293 3268 363 3315 quom
377 3251 493 3315 effectibus
504 3252 604 3314 pretiosi.
643 3251 707 3299 Tunc
718 3252 910 3299 nobilissimorum
919 3251 1109 3298 mouerimus
1119 3252 1280 3312 operiebamur

134 3335 263 3382 ‘morio
273 3334 431 3395 reserebantur
442 3335 526 3381 mnia
537 3343 558 3381 et
568 3334 662 3381 vistulae
673 3334 827 3388 solabantur,
838 3343 859 3380 et
872 3342 915 3393 per
924 3333 997 3396 ionga
1012 3332 1103 3380 muta
1118 3334 1143 3380 ire
1156 3334 1279 3393 sepulchris

134 3424 264 3479 ‘sopoeoto
275 3417 395 3464 uolumina
406 3418 593 3479 expergiscentem
604 3416 708 3471 armnito,
720 3431 821 3479 quaeque
831 3416 856 3461 ise
868 3414 924 3462 iocis
939 3415 1059 3463 tenebrosis
1072 3416 1189 3463 mmet
1204 3432 1280 3463 nouae

134 3499 213 3546 'lucie
223 3500 298 3547 rodeis
310 3498 489 3560 persuademur.
524 3498 685 3545 Delicotissimi
695 3499 812 3561 quondam
826 3497 883 3544 iibri
897 3498 1000 3558 correpti
1014 3506 1036 3544 et
1052 3496 1214 3545 obmninobiies
1229 3500 1279 3545 ione

134 3586 142 3609 ⁸
154 3580 227 3645 effecti
236 3582 339 3628 murium
347 3582 437 3643 peridem
441 3580 543 3642 [θεῶν
549 3580 647 3640 cooperti
654 3590 675 3627 et
683 3580 797 3627 omnium
805 3580 916 3626 morsibus
926 3579 1034 3627 terebrati
1043 3579 1146 3626 iacebant
1156 3581 1278 3627 exanimd

133 3665 168 3727 (c.
180 3664 244 3711 vlu.
257 3679 280 3725 p.
292 3672 338 3725 ²²7
351 3664 386 3711 ed.
395 3662 524 3723 Cocheris).
557 3662 633 3709 Notus
644 3670 694 3709 eret
705 3662 818 3709 Ricardue
829 3662 957 3716 Petrercae,
968 3676 1038 3722 quem
1050 3664 1145 3711 sortasse
1156 3664 1277 3711 Auenioue

133 3747 232 3799 uideret.
243 3760 376 3808 quanquam
392 3746 461 3793 edam
474 3746 564 3793 Romae
576 3746 663 3800 suetan
680 3746 709 3792 ab
720 3760 749 3791 eo
760 3745 842 3791 dicitur
850 3744 890 3791 uir
900 3745 1002 3792 artam
1011 3744 1098 3807 ingenii
1107 3760 1147 3792 nee
1157 3744 1279 3795 &aarum

132 3829 219 3877 uatus
231 3829 342 3889 (Petrarc.
353 3828 425 3889 Epist.
436 3843 459 3889 p.
468 3828 500 3875 80
512 3828 549 3875 ed.
558 3826 619 3875 Sam.
631 3826 727 3888 Crispini
739 3842 760 3875 e.
771 3824 855 3887 1601).

166 3907 178 3937 ²
194 3911 259 3975 ‘Qui
269 3912 431 3959 cicumeuntes
442 3925 506 3957 more
516 3919 538 3957 et
548 3910 649 3965 widem,
660 3909 721 3957 orbis
732 3909 844 3957 arabim
854 3908 1026 3970 perimente,
1038 3910 1213 3958 mamaeam
1223 3924 1279 3972 preo-

132 4000 140 4019 ·
153 4008 197 4055 pree
207 3994 354 4040 &mmm
364 3992 541 4054 prweieeioreem
551 3991 671 4054 generalia
682 3992 759 4039 suedia
772 3999 947 4052 montes.
958 3991 1041 4038 moenie
1050 3992 1167 4039 desideriis
1178 3991 1280 4039 inridere

131 4079 139 4103 ⁸
152 4075 274 4123 mmm
284 4075 409 4122 certissimo
420 4082 459 4135 epe
469 4073 593 4121 mercedis!
626 4074 716 4121 Phiiob.
726 4074 758 4121 ib.

167 4155 177 4183 ⁴
193 4156 405 4204 ‘Statiowiorem
422 4170 450 4202 oe
465 4155 615 4203 librariorum
631 4156 736 4203 rodim
752 4170 798 4203 teon
814 4155 889 4203 solone
902 4156 966 4203 inere
979 4156 1065 4204 sordis
1078 4156 1122 4204 soii
1131 4155 1278 4218 prouinciam

131 4242 192 4289 ‘sed
207 4249 365 4303 peregissem
384 4240 500 4287 Froeeiae
518 4239 642 4288 Teutouioe
659 4250 681 4288 et
696 4240 782 4288 Italiae
800 4242 986 4302 eompoeoeeimres
1002 4242 1162 4303 ἅφενωηηι,
1173 4240 1279 4301 sociiiter

132 4330 139 4350 ·
149 4323 248 4385 pecunia
256 4322 423 4384 praevolante,-
440 4337 479 4369 eree
489 4336 526 4370 eoe
536 4322 651 4371 eilmerus
661 4322 779 4385 impedierit
790 4323 900 4374 dium
911 4323 1060 4386 ‚mesum
1068 4322 1278 4376 morieobsterrreit,

133 4410 193 4452 ‘nec
208 4406 240 4452 eis
257 4420 296 4453 aes
309 4413 355 4467 pro
372 4412 469 4467 expensa
483 4404 563 4465 defuit,
575 4404 630 4467 preire
641 4406 676 4453 od
684 4421 725 4455 nos
736 4414 824 4468 optatos
834 4406 905 4454 libros
916 4408 1092 4455 immitterent
1103 4405 1140 4453 eei
1154 4402 1278 4467 offerrent!

136 4488 226 4539 Philob.
238 4490 270 4537 ib.
