3142 5059
428 382 658 443 CARMINVM
687 382 877 445 CATVLLI.
1171 387 1231 447 25⁷

104 563 261 636 171-187
279 561 329 641 (17
345 562 408 643 uu.)
438 565 558 626 Vtinam
576 584 728 645 nunquam
746 568 777 627 in
797 566 915 628 Cretam
935 567 1071 629 Theseus
1091 570 1229 631 uenisset.

41 654 148 715 Nam
166 676 233 735 quo
247 680 295 720 me
309 662 453 723 referam?
474 667 575 725 omnia
588 667 666 749 circa
679 666 794 725 deserta
807 676 884 725 sunt.

104 757 260 817 αδδ-σοι
278 758 331 837 (14
345 759 408 842 uu.)
440 762 499 822 Sed
523 764 675 839 poscenda
700 774 747 823 est
773 764 854 823 ultio.
907 764 1047 840 Inprecor
1072 764 1174 825 Furias
1197 776 1230 826 ut

41 853 148 925 quali
164 872 219 911 me
232 866 331 915 mente
345 858 480 919 Theseus
494 860 667 932 funestabat,
682 861 787 920 eadem
801 862 864 938 ipse
878 860 1047 921 funestetur.

102 949 356 1028 Itaque'carmen
369 958 400 1015 in
412 977 430 1029 4
441 968 538 1033 partes
552 960 691 1018 scinditur
703 969 732 1018 et
742 958 879 1035 Epodon.
915 958 1029 1017 Priores
1043 958 1119 1019 duee
1132 968 1229 1019 utrae-

46 1064 124 1122 que
140 1050 336 1111 undenorum
353 1066 421 1113 sunt
437 1074 592 1129 uersuum;
614 1058 789 1132 posteriores
803 1056 1061 1133 septendenorum.
1102 1056 1227 1133 Epodos

48 1148 299 1220 quatuordecim
317 1150 413 1223 habet,
433 1172 522 1229 quem
541 1156 669 1214 eundem
687 1173 841 1214 numerum
861 1156 890 1213 in
910 1155 1042 1231 sequenti
1061 1164 1143 1231 parte
1165 1174 1227 1215 car·

49 1243 160 1302 minis
184 1244 353 1327 (roe-264)
375 1252 474 1326 posuit
495 1251 635 1323 Catullus,
657 1263 690 1312 ut
713 1253 836 1329 Epodos
861 1253 891 1311 in
916 1252 974 1311 fine
998 1248 1227 1328 respondentem

52 1340 198 1403 haberet
211 1346 242 1404 in
256 1346 315 1405 fine
329 1349 458 1425 Epodon
474 1348 650 1429 (²51·²⁶4)·
694 1352 785 1409 Hunc
805 1368 959 1409 numerum
980 1350 1114 1410 consulto
1134 1352 1228 1427 potuit

55 1441 232 1502 adhibere:
253 1448 474 1521 quatuordecim
488 1450 567 1507 enim
581 1449 782 1508 adulescentes
801 1449 987 1524 uirginesque
1007 1466 1089 1508 nono
1107 1467 1226 1526 quoque

57 1559 153 1599 anno
176 1542 374 1604 Athenienses
395 1545 514 1605 Cretam
538 1548 700 1606 mittebant.
742 1547 886 1606 Plutarch.
906 1546 997 1606 Thes.
1012 1546 1070 1605 XV
1090 1546 1226 1623 Ἐπαηροι

59 1642 230 1709 πευσόμενοι
249 1645 291 1697 καὶ
311 1645 443 1715 δεηθέντες
462 1645 618 1716 ἐποιήσαντο
639 1646 776 1717 συνθήκας,
798 1648 868 1701 ὥστε
887 1648 998 1717 πέμπειν
1018 1642 1053 1700 δι’
1069 1645 1141 1701 ε’ννία
1161 1646 1226 1701 θεῶν

60 1740 185 1809 δασμὸν,
201 1738 302 1809 ἦῖθίους
321 1744 387 1797 ε’πτδ
407 1745 449 1798 καί
467 1744 610 1815 παρθένους
629 1741 768 1815 τοσαύτας,
788 1746 966 1817 ὁμολογοῦσιν
985 1745 1011 1798 ol
1031 1746 1154 1798 πλεῖστοι
1173 1750 1226 1799 τῶν

62 1835 255 1907 ξυγγραφέον.
298 1836 395 1897 Etiam
416 1839 487 1898 illud
509 1839 632 1899 fortasse
654 1839 801 1899 affectamt
821 1848 854 1898 ut
873 1840 983 1914 γέρανον
1003 1839 1065 1899 siue
1086 1838 1224 1899 choream

63 1948 165 2005 quam
191 1950 210 1990 a
231 1932 319 1994 Creta
342 1955 493 2013 regressus
514 1938 649 1996 Theseus
675 1938 779 1996 dicitur
802 1937 969 2006 instituisse,
994 1936 1224 2012 perplexioribus

64 2030 206 2088 numeris
233 2033 418 2108 stropharum
444 2036 691 2112 antistrophorum
718 2035 893 2112 Epodorum
923 2034 1089 2093 imitaretur.
1131 2033 1222 2093 Thes·

64 2126 148 2185 XXI
169 2133 216 2184 Ἐκ
233 2131 263 2185 δὲ
281 2135 327 2201 τῆς
345 2134 445 2205 Κρήτης
462 2135 601 2190 ἀποπλέων
614 2135 651 2191 είς
664 2136 752 2203 Δῆλον
765 2136 878 2206 κότεσχε
896 2134 938 2189 καλ
955 2136 992 2208 τῷ
1010 2135 1061 2209 θεῷ
1077 2132 1163 2191 θύσας
1183 2136 1225 2189 καί

65 2227 175 2284 ἀναθείς
193 2230 224 2282 τδ
242 2229 401 2301 ἀφροδίσιον
414 2231 429 2287 δ
441 2234 511 2304 παρδ
527 2235 573 2302 τῆς
584 2232 720 2305 ’Δριάδνης
732 2231 836 2302 ἔλαβεν,
851 2233 976 2303 ἐχόρευσε
989 2233 1053 2301 μετὰ
1066 2237 1118 2285 τῶν
1131 2228 1224 2300 ἢῖθίοιν

67 2325 180 2396 χορείαν
197 2324 228 2395 ἣν
245 2329 284 2382 ἔτι
301 2330 348 2383 νῦν
365 2330 492 2385 ε’πιτελείν
511 2330 623 2399 Δηλίους
639 2329 759 2402 λίγουσι,
773 2330 874 2401 μίμημα
893 2334 946 2384 τῶν
966 2329 994 2383 ε’ν
1013 2333 1050 2405 τῷ
1071 2329 1224 2403 Λαβυρίνθῳ

68 2423 201 2494 περιόδων
220 2424 263 2479 καὶ
282 2426 405 2498 διεξόδων
424 2428 453 2482 ἐν
472 2428 523 2481 τινὶ
541 2426 632 2500 ῥυθμῷ
651 2426 806 2497 περιελίξας
824 2428 866 2481 καὶ
883 2424 1011 2494 ἀνελίξεις
1028 2427 1116 2497 ἔχοντι
1133 2447 1222 2498 γιγνο-

68 2519 161 2589 μένην·
181 2523 296 2577 καλεῖται
309 2524 339 2577 δὲ
351 2526 382 2578 rb
396 2526 470 2596 γένος
484 2527 562 2579 ταῦτα
576 2526 623 2593 τῆς
640 2525 745 2597 χορείας
762 2524 814 2580 ὑπὸ
828 2523 932 2592 Δηλίων
944 2523 1051 2595 γέρανος
1070 2523 1105 2579 ὣς
1123 2524 1225 2596 ίστορεῖ

71 2619 237 2691 Δικαίαρχος.
278 2620 421 2696 Ἐχόρευσε
442 2623 471 2677 δὲ
491 2623 533 2678 καί
552 2621 612 2694 περὶ
631 2622 678 2677 τδν
698 2626 828 2693 κερατῶνα
847 2625 937 2691 βῶμυν
955 2620 983 2675 εἰι
1002 2620 1114 2694 κεράτων
1128 2641 1223 2694 συνηρ-

71 2716 205 2789 μοσμένον
218 2717 352 2788 εὐωνύμων
364 2720 490 2777 ἁπάντων.
533 2717 646 2778 Marius
660 2717 829 2777 Victorinus
846 2734 933 2792 2501,
951 2736 966 2776 2
983 2716 1014 2774 P.
1056 2716 1121 2775 Hoc
1131 2734 1223 2793 genus

72 2816 105 2871 in
123 2816 213 2871 sacret
231 2816 382 2873 cantilenae
388 2816 499 2893 serunt
514 2817 625 2892 quedam
644 2817 795 2875 eiuh'tuisse
811 2813 942 2873 Theseum
959 2816 1012 2891 qui
1028 2816 1111 2873 occeio
1124 2813 1223 2873 oneo-

73 2918 157 2969 tauro
169 2930 229 2970 ιιινι
242 2914 319 2988 apud
328 2912 431 2972 Delum
448 2915 566 2972 solueret
581 2922 644 2972 uota
663 2915 787 2972 ι’νιιίιοιυς
806 2914 937 2971 sirtarim
955 2919 981 2970 et
988 2912 1153 2989 flexuosum
1170 2915 1223 2971 iter

74 3013 250 3088 Lobyrinthe’
265 3031 327 3071 cum
345 3016 444 3088 puerei
468 3014 676 3091 ue'rga'eubusque
698 3015 844 3090 cumquei
867 3019 992 3071 marera!
1013 3018 1109 3071 cantus
1133 3012 1225 3091 οᾱιδοζ

68 3113 163 3186 premo
180 3111 210 3166 in
228 3112 356 3182 ca’rcut‘lu,
370 3110 465 3169 dehim
483 3114 513 3169 in
532 3130 657 3182 recursu,
672 3113 700 3171 .ιὶ
715 3114 822 3184 στροφῇ
836 3116 863 3167 et
876 3109 1056 3185 anh'st'ropho.
1098 3109 1177 3169 Nam
1196 3112 1220 3169 si

76 3212 165 3281 σχῆμα
177 3207 246 3266 illud
263 3227 296 3266 11
318 3226 351 3267 11
372 3223 406 3282 17
426 3221 460 3283 17
470 3221 497 3274 ψ
508 3228 543 3281 14
559 3210 663 3268 iterum
676 3208 891 3279 resoluerimus,
905 3208 1070 3267 uidebimus
1084 3206 1220 3284 strophas

77 3304 260 3383 antistrophis
281 3306 322 3365 ita
344 3307 521 3383 respondere
544 3316 578 3365 ut
598 3306 681 3384 quasi
702 3306 796 3365 circos
816 3305 961 3383 quosdam
984 3304 1128 3379 orbesque
1149 3321 1221 3362 con-

421 3410 524 3478 οβν
648 3408 751 3476 aus
876 3406 979 3474 αβν
1113 3404 1216 3473 eea

78 3484 189 3543 ficiunt:
222 3482 521 3560 Namn=4.3.4
557 3486 751 3559 B=6.3.e
788 3484 980 3555 r=4.6.7
1022 3482 1218 3555 Λεύκῃ

78 3582 195 3659 Epodos
212 3604 246 3633 =
263 3600 281 3653 4
298 3600 336 3657 33
352 3601 380 3654 4,
394 3600 484 3659 quam
502 3582 688 3658 partitionem
709 3598 770 3639 non
784 3580 931 3639 Catullum
953 3578 1056 3649 solum,
1072 3576 1125 3637 sed
1147 3576 1220 3635 alios

80 3681 163 3739 etiam
183 3697 251 3756 prae
271 3678 374 3739 ceteris
395 3698 511 3739 amasse
533 3699 604 3739 mox
628 3679 800 3738 uidebimus.
844 3676 924 3736 Tum
946 3674 1026 3753 quod
1047 3675 1078 3733 in
1099 3675 1220 3752 stropha

81 3778 196 3855 ponitur,
219 3778 249 3837 id
272 3788 321 3837 aut
344 3779 462 3837 iteratur
486 3779 516 3836 in
540 3778 732 3854 antistropho,
755 3786 805 3835 aut
829 3776 857 3835 ei
881 3774 1057 3834 contrarium
1081 3772 1218 3832 infertur:

81 3894 146 3935 nam
168 3875 195 3933 in
216 3885 239 3931 Α
261 3876 330 3935 dicit
353 3876 485 3935 Ariadna
509 3876 700 3935 crudeliorem
724 3874 814 3933 hrisse
838 3873 956 3932 Thesea
981 3890 1070 3949 quam
1094 3882 1126 3931 ut
1149 3888 1218 3931 eum

82 3975 268 4033 miseresceret
287 3973 347 4046 sui3
369 3974 399 4031 in
418 3984 438 4029 Β
457 3992 489 4032 se
508 3991 546 4032 ne
566 3970 742 4032 crudelitatis
760 3970 880 4048 quidem
894 3969 1003 4047 fugisse
1017 3969 1217 4047 obprobrium,

83 4072 148 4131 dum
167 4071 254 4130 modo
275 4086 294 4129 a
315 4081 410 4129 morte
433 4081 560 4130 seruaret
581 4070 610 4129 T
611 4070 707 4129 hesea
750 4068 863 4127 Rursus
884 4066 1028 4127 inlude
1050 4068 1217 4127 crudelitate

84 4170 181 4231 Thesei
198 4186 295 4228 sermo
313 4179 367 4241 est,
382 4170 510 4245 itemque
529 4169 560 4227 in
574 4182 614 4243 Δγ
621 4187 631 4242 3
652 4168 683 4227 in
697 4178 735 4242 Γγ
748 4168 786 4227 de
804 4167 967 4238 solitudine,
982 4167 1110 4242 itemque
1124 4166 1154 4223 in
1168 4174 1216 4223 Δα.

84 4268 161 4341 Quae
172 4266 287 4343 quidem
304 4284 351 4327 res
370 4284 432 4325 non
450 4266 546 4326 solum
561 4268 592 4325 in
606 4277 649 4323 rh
662 4266 794 4325 ultimam
807 4266 948 4341 περικοπὴν
963 4272 1050 4334 tenet,
1062 4262 1115 4321 sed
1129 4261 1215 4319 etium

84 4370 111 4426 in
125 4378 152 4432 Α,
163 4376 186 4430 h
199 4364 316 4441 Epodo.
359 4364 573 4442 Comparentur
586 4366 660 4424 inter
673 4382 704 4423 se
718 4380 821 4423 uersus

613 4484 660 4545 nl
