3142 5059
578 365 635 424 AD
663 365 757 426 XXV.
779 381 806 441 5.

326 548 368 602 rai
380 546 404 602 δ’
417 547 448 602 ἂν
461 547 504 604 ἐπὶ
515 549 594 621 ξηρὴν
607 548 644 604 ir'
658 551 763 626 ἐρῳδιὸς
774 551 807 606 οὔ
820 551 883 606 κατὰ
895 553 994 622 κόσμιον

327 645 357 716 ἐξ
369 645 433 703 ἁλὸς
445 647 551 719 ippum
565 649 640 720 φωνῇ
652 650 712 722 περὶ
724 649 814 706 πολλὰ
826 650 942 719 tensas

326 746 459 817 κιννμίνου
472 769 500 802 κε
512 748 650 804 θάλασσαν
663 748 843 823 irrepspopr'asr‘
856 750 961 820 biunna

116 841 178 900 scri
200 841 237 900 sit

179 859 199 917 p
324 923 414 982 Rana
416 926 510 1004 fulix
523 927 612 984 sitalem
615 926 736 1004 suge’erss
749 947 764 984 e
770 930 885 1006 gurgite
890 930 974 1004 panti

325 1023 455 1084 Nunccal
465 1025 610 1085 horribiles
623 1028 747 1086 clamans
761 1031 865 1086 ciulare
874 1029 1008 1104 procellas

325 1122 419 1184 Haud
429 1125 543 1182 modias
556 1127 802 1203 tremulasandens
814 1133 951 1204 egullure
964 1133 1062 1187 caulas

117 1287 218 1346 neque
234 1270 314 1330 aliter
327 1271 459 1332 Auienus
475 1288 534 1349 350

325 1403 439 1464 Etcum
447 1407 635 1485 paruasulix
648 1407 750 1484 lrcpcm
756 1412 829 1484 petil
839 1428 914 1467 arua
927 1411 1022 1468 uolatu

324 1501 434 1580 Stagna
447 1507 538 1562 senens
551 1507 697 1582 longasque
710 1508 794 1564 eierat
804 1507 934 1584 clangore
946 1509 1087 1583 querellas,

323 1599 437 1662 Indica!
448 1602 642 1679 eieramssrela
656 1622 724 1661 max
737 1623 874 1663 canescere
885 1607 976 1664 uenls's

117 1765 289 1825 quanquam
303 1753 407 1830 ἐρῳδιὸς
420 1751 509 1812 ardea
525 1753 641 1828 proprie
660 1770 721 1811 non
735 1752 805 1812 fulix
819 1754 933 1813 uidetur
946 1753 1011 1814 dici
1052 1754 1185 1815 Auienus
1198 1757 1262 1833 qui-

116 1848 189 1905 dem
203 1847 233 1906 in
246 1849 387 1908 uertendo
401 1849 531 1908 Diosem.
547 1853 612 1922 184,
626 1864 652 1924 5,
667 1852 717 1927 qui
731 1869 833 1910 uersus
847 1869 908 1910 non
921 1853 979 1910 iam
994 1851 1073 1928 apud
1087 1851 1262 1912 Ciceronem

116 1954 169 2003 aut
184 1943 392 2004 Germanicum
407 1955 506 2006 extant

322 2078 363 2134 eat
375 2100 440 2134 erare
453 2079 495 2133 rai
508 2079 603 2152 κέπφοι
617 2079 689 2134 ὁπότ’
704 2081 784 2136 εὔδιοι
798 2081 939 2136 noviome

322 2175 395 2232 tinia
407 2179 557 2248 μελλόντων
569 2177 663 2248 αἰίμων
676 2179 765 2248 slipi&
778 2181 903 2252 φέρονται

116 2322 195 2382 adeo
209 2324 246 2383 ab
260 2323 351 2382 Arato
366 2324 498 2384 discessit
511 2334 543 2384 ut
556 2327 657 2398 κέπφον
670 2324 774 2384 dixerit
791 2335 923 2384 sturnum
938 2327 1033 2400 (356).
1075 2325 1146 2385 Non
1166 2326 1263 2402 magis

116 2431 253 2482 accurate
267 2422 433 2498 Hesychius
447 2424 504 2496 κήξ.
532 2423 853 2496 transimennum·
873 2425 977 2498 λέγεται
990 2426 1019 2480 δὲ
1033 2425 1074 2481 καὶ
1087 2427 1174 2496 eluse·
1196 2427 1264 2482 sais

116 2523 147 2578 Bi
161 2519 271 2594 εὐφυΐαν
283 2522 462 2594 ἀποδιδόασιν,
477 2525 502 2578 ai
516 2523 544 2578 ii
558 2522 660 2594 κίπφον
672 2525 698 2578 oi
711 2522 739 2578 ii
754 2522 911 2596 διαφίροηα
924 2523 1055 2594 ἀλλήλων.

160 2618 285 2680 Gauiam
299 2619 402 2678 Latine
421 2638 475 2696 pro
495 2619 582 2680 stulto
599 2619 671 2696 poni
689 2638 751 2679 non
771 2620 842 2692 scio,
856 2621 910 2680 sed
922 2621 1017 2698 potuit
1033 2622 1064 2679 in
1076 2601 1189 2697 uulpan'
1202 2638 1263 2680 ser·

116 2736 216 2789 mone,
236 2718 486 2794 quemadmodum
507 2718 585 2777 Italis
607 2717 693 2778 hodie
715 2720 891 2795 gabbiana
912 2729 942 2778 et
960 2719 1038 2779 larus
1058 2731 1103 2780 est
1122 2730 1151 2780 et
1170 2720 1263 2780 homo

115 2817 249 2892 simplex.
306 2815 398 2876 Morri
425 2816 619 2877 Vocabolario
648 2817 964 2894 Romagnolo-ltaliani
991 2818 1129 2878 Gabian
1158 2836 1263 2879 uomo

116 2915 260 2974 scioceo
291 2914 458 2991 semplice
490 2916 679 2974 materiale.
729 2915 890 2977 Cherubini
910 2917 1023 2976 Vocab.
1046 2917 1264 2978 Milanese·1ta·

115 3014 196 3072 liano
210 3011 372 3074 Gabbitn
391 3013 600 3074 Gabbitnna
617 3013 783 3079 Gabbiott
800 3015 977 3088 Merlotto‚
992 3015 1109 3076 Badie.
1151 3016 1262 3077 Pariter

115 3113 206 3188 Angli
234 3113 386 3172 strutorum
413 3113 534 3172 nomina
560 3131 596 3172 ex
624 3115 726 3174 auibus
754 3115 873 3175 marinis
900 3115 1009 3175 habent
1033 3115 1163 3174 deriuata
1186 3114 1260 3175 haec

115 3211 234 3282 ‘Gull‚
260 3210 367 3282 Loon,
392 3211 531 3288 Noddy’
556 3231 611 3272 nec
635 3232 654 3271 a
677 3231 748 3272 uero
773 3213 908 3273 abhorret
932 3213 1013 3291 quod
1036 3213 1068 3270 in
1090 3213 1260 3272 hominibus

116 3311 234 3387 signum
248 3319 292 3370 est
306 3310 440 3370 stultitiae
455 3311 484 3370 id
498 3310 522 3370 si
536 3310 565 3368 in
584 3329 638 3370 aue
657 3312 753 3387 aliqua
772 3329 840 3388 prae
859 3313 962 3370 ceteris
979 3311 1259 3370 inueniatur-osci·

115 3419 178 3470 tant
206 3417 303 3468 autem
331 3410 361 3468 in
388 3409 488 3486 primis
515 3408 574 3480 lari,
603 3419 675 3468 teste
703 3409 778 3468 Raio
807 3410 838 3467 in
862 3409 1030 3484 Willughbii
1053 3407 1260 3484 Omithologia

115 3527 143 3586 p.
161 3507 347 3583 351—huius
373 3525 482 3566 nomen
506 3516 646 3584 tanquam
670 3507 855 3566 stultissimae
879 3507 917 3566 ad
940 3507 1076 3566 homines
1103 3505 1258 3565 transferri.

115 3607 153 3667 Et
167 3608 197 3665 in
212 3605 317 3666 Catulli
338 3607 404 3666 loco
426 3625 486 3665 non
508 3615 567 3666 tam
589 3605 756 3665 transfertur
777 3606 949 3682 significatio
969 3623 1058 3683 quam
1080 3623 1147 3664 cum
1168 3605 1259 3665 altera

115 3706 316 3781 coniungitur3
338 3706 424 3782 gauia
442 3704 520 3764 enim
539 3705 666 3766 oscitans
685 3715 714 3764 et
732 3704 824 3764 homo
842 3705 965 3781 simplex
982 3715 1028 3766 est
1042 3714 1072 3764 et
1088 3703 1151 3764 auis
1165 3722 1260 3780 augur

116 3804 270 3881 procellae.

157 3903 330 3962 Transimus
349 3902 387 3961 ad
405 3903 502 3979 priora
521 3900 605 3962 Cum
627 3900 857 3967 diuakmulier.
900 3901 965 3959 Iam
978 3898 1121 3976 Bergkius
1135 3899 1165 3958 in
1180 3898 1258 3959 Mus.

117 4003 213 4062 Rhen.
229 4001 312 4060 XIX.
328 4003 386 4076 605
407 4001 574 4062 emendarat
595 3998 679 4059 Cum
704 4000 786 4059 diua
809 4000 976 4058 muttiens
999 4016 1091 4072 aues,
1111 3998 1140 4058 h.
1152 4017 1178 4057 e.
1200 3997 1258 4057 La·

116 4121 214 4162 uerna
255 4101 355 4160 Acron
383 4101 421 4160 ad
445 4100 518 4160 Hor.
540 4099 653 4178 Eppl.
673 4101 717 4158 16.
733 4101 773 4159 60
799 4097 925 4174 [Furune
948 4100 1008 4172 dea]
1033 4097 1170 4156 Lauerna
1197 4099 1260 4154 ue'ae

117 4199 251 4260 &herae
273 4201 365 4258 luceam
385 4199 472 4270 kabel,
492 4188 539 4258 esl'
553 4206 641 4260 autern
663 4201 713 4257 dea
726 4198 844 4276 surum.
887 4196 1076 4257 Seirtulacrum
1097 4197 1155 4254 eries
1167 4195 1259 4272 sures

116 4301 208 4358 colant
219 4306 271 4357 aul
281 4301 347 4375 quea
361 4299 474 4358 caerulea
488 4317 539 4357 sua
553 4301 636 4358 neela
650 4299 756 4369 uolunt,
768 4303 820 4356 aul
830 4299 896 4374 qaia
909 4315 971 4355 cuae
983 4295 1088 4355 seinai
1096 4304 1188 4368 preces
1200 4294 1258 4351 eries

117 4405 288 4460 exercentur.
322 4399 470 4460 Amobius
484 4400 550 4459 adu.
566 4399 651 4460 Gent.
664 4397 719 4456 111.
733 4400 770 4456 26
784 4395 853 4456 Nan
866 4395 1128 4456 commemorabamus
1141 4393 1191 4451 lac
1203 4393 1259 4452 lasa

654 4535 732 4581 SS2
