3142 5059
522 406 880 469 PROLEGOMENA.
1220 408 1271 468 xxi

128 584 240 652 iontem
265 596 414 664 postremo
439 600 621 662 reuocentur,
646 591 713 652 dico
741 592 874 653 codicem
901 610 938 651 ex
962 609 1023 668 quo
1052 592 1094 651 in·
1107 590 1270 651 Thuanaeo

3 670 11 690 ⁵
127 684 230 745 mdice
243 686 422 763 descriptum
437 698 481 747 est
499 707 524 747 c.
540 688 635 749 LXII.
678 690 729 749 Sin
743 701 841 751 autem
854 690 920 767 quis
937 690 1022 750 fuerit
1035 690 1082 749 cui
1095 689 1153 750 hoc
1166 708 1270 767 parum

128 783 264 843 credibile
282 785 423 857 uideatur,
437 785 540 845 saltem
559 788 702 849 concedat
716 789 866 849 Datanum
884 790 931 848 uel
950 808 1019 849 eum
1037 808 1073 849 ex
1088 807 1147 867 quo
1166 789 1271 849 ductus

128 891 180 951 est,
200 882 239 939 ab
259 882 325 958 ipso
346 882 395 941 illo
416 884 518 943 codice
535 883 708 957 Veronensi,
731 886 964 947 Germanensem
985 888 1024 946 ab
1041 887 1178 964 exemplo
1198 888 1270 957 eius,

2 977 4 986 ⁴
128 998 189 1041 non
204 982 243 1039 ab
256 982 323 1058 ipso
336 984 515 1058 prouenisse.

169 1078 308 1156 Superest
322 1089 354 1139 ut
368 1080 498 1142 dicamus
511 1082 583 1141 liber
596 1085 770 1161 archetypus
784 1084 877 1162 qualis
890 1084 983 1145 fuerit.
1014 1083 1092 1145 Eum
1105 1084 1270 1145 Lachman-

128 1194 183 1235 nus
204 1178 236 1235 in
257 1177 383 1237 editione
404 1197 457 1237 sua
477 1180 546 1239 anni
563 1183 649 1257 1829,
671 1183 855 1259 septuaginta
874 1201 925 1242 sex
944 1183 1117 1259 paginarum
1135 1183 1269 1256 faciebat,

3 1268 8 1293 ⁴
127 1292 251 1351 quarum
275 1278 406 1354 singulae
429 1280 536 1355 triginti
560 1298 662 1339 uersus
690 1282 721 1339 in
749 1300 781 1341 se
806 1280 1094 1359 comprehenderent.
1144 1281 1214 1340 Hoc
1238 1293 1272 1340 ut

127 1374 262 1445 efficeret,
284 1376 315 1433 in
338 1378 466 1436 carmine
486 1379 502 1437 1
523 1396 614 1438 unum
641 1398 759 1439 uersum
781 1380 862 1457 (post
885 1399 913 1439 u.
928 1383 961 1455 9)
982 1392 1012 1439 et
1035 1381 1110 1439 duos
1134 1380 1271 1440 dimIdios

128 1474 309 1551 supplendos
330 1476 477 1549 censebat,
493 1477 523 1536 in
540 1497 566 1538 c.
581 1478 611 1536 II
627 1497 719 1538 unum
733 1478 855 1558 (postu.
874 1476 933 1559 ro),
952 1480 983 1537 in
999 1498 1025 1539 c.
1040 1479 1070 1537 X
1082 1498 1175 1539 unum
1191 1482 1272 1557 (post

127 1590 156 1631 u
173 1569 234 1652 27),
248 1572 279 1631 in
293 1591 318 1632 c.
333 1573 404 1633 LXI
419 1585 561 1653 quattuor,
581 1596 672 1635 unum
686 1588 753 1654 post
767 1577 842 1657 (90),
861 1579 936 1637 duos
950 1588 1017 1655 post
1031 1575 1126 1657 (106),
1145 1579 1271 1656 priorem

128 1671 246 1747 quidem
267 1689 286 1729 a
306 1672 376 1731 sede
397 1691 449 1732 sua
469 1676 676 1751 transpositum
701 1673 784 1747 Quem
808 1682 898 1735 tamen
922 1679 1013 1752 magu
1036 1678 1158 1748 auden,
1179 1694 1271 1736 unum

128 1781 195 1845 post
212 1767 308 1847 (107),
327 1770 358 1828 in
382 1788 407 1831 c.
427 1771 511 1829 LXV
532 1790 584 1832 sex
607 1774 687 1849 (post
708 1792 737 1832 u.
757 1771 799 1852 8),
824 1775 855 1832 in
876 1793 903 1831 c.
922 1773 1052 1833 LXVIII
1077 1793 1170 1833 unum
1190 1773 1272 1855 (post

2 1878 8 1904 ⁵
127 1888 156 1927 u.
177 1867 239 1948 4⁶),
264 1872 337 1930 alios
360 1870 441 1949 (post
463 1874 578 1951 u.141)
607 1891 733 1950 quorum
760 1892 915 1933 numerum
941 1874 1005 1951 ipse
1028 1893 1091 1934 non
1115 1875 1195 1947 dlxit,
1219 1877 1272 1935 sed

127 1965 276 2043 Hauptius
290 1968 359 2027 facit
373 1971 490 2047 triginta
504 1967 638 2049 (Quaest.
657 1989 685 2048 p.
698 1968 759 2048 41).
801 1971 916 2032 Deinde
929 1972 1037 2032 LXIV.
1053 1986 1193 2048 334-337
1209 1991 1271 2033 non

127 2076 269 2137 numerat,
297 2085 353 2126 nec
380 2065 548 2127 LXXVIII.
578 2081 658 2142 7-10
685 2066 745 2129 Sed
768 2088 841 2128 nunc
867 2071 900 2127 id
927 2070 1135 2142 deleo-anus,
1162 2090 1217 2131 nec
1245 2090 1271 2131 c.

127 2162 296 2221 LXXXIV.
312 2184 339 2240 3,
355 2184 383 2237 4,
402 2184 457 2224 nec
470 2164 567 2224 XCII.
584 2185 610 2241 3,
626 2186 643 2239 4
666 2184 757 2243 quum
779 2168 811 2225 hi
836 2186 938 2228 uersus
958 2169 988 2227 in
1009 2170 1140 2243 margine
1161 2169 1272 2229 codicis

126 2261 167 2323 ad
193 2260 343 2322 Veronam
358 2264 468 2323 reducti
496 2265 594 2341 scripti
622 2264 712 2325 fuisse
739 2266 900 2337 uideantur,
927 2267 1006 2326 unde
1033 2266 1143 2325 LXIV.
1171 2270 1270 2342 ddi-⁶

126 2358 223 2420 XCII.
240 2380 267 2435 3,
283 2382 301 2434 4
323 2362 352 2420 in
374 2362 519 2439 plerisque
539 2363 618 2422 libris
639 2364 747 2435 omissi,
769 2364 936 2423 LXXXIV.
953 2383 1013 2439 3,4
1033 2365 1064 2422 in
1083 2364 1219 2423 omnibus
1233 2384 1270 2424 ex

2 2476 8 2495 ⁵
125 2458 195 2518 loco
218 2476 273 2518 suo
298 2469 364 2535 post
387 2480 414 2519 ιι.
433 2479 470 2518 ιο
492 2460 627 2521 collocati
652 2472 726 2521 sunt.
778 2462 932 2521 Praeterea
955 2480 1045 2521 unam
1068 2462 1206 2538 paginam
1231 2482 1271 2538 30

126 2576 273 2629 uersuum,
290 2576 316 2617 c.
329 2557 443 2616 LXXV
457 2568 486 2617 et
500 2558 629 2617 LXXVI
644 2560 852 2633 continentem,
867 2580 903 2620 ex
917 2561 985 2620 loco
999 2578 1054 2620 suo
1074 2561 1104 2619 in
1120 2560 1272 2620 codIcibus

126 2658 281 2727 turbatam,
304 2658 346 2716 sic
370 2659 547 2735 transposuit
568 2667 601 2717 ut
621 2659 783 2719 carminum
803 2660 850 2719 hic
871 2660 945 2720 ordo
966 2660 1118 2732 euaderet,
1140 2657 1270 2718 LXXIV

125 2754 207 2831 quod
221 2756 252 2813 in
266 2756 324 2814 fine
337 2756 462 2832 paginae
477 2759 514 2832 67
530 2758 628 2817 statuit
642 2756 1014 2817 LXXVII-LXXXVII.
1029 2776 1139 2835 9=pp.
1152 2759 1199 2830 68,
1211 2760 1269 2833 693

126 2853 250 2925 LXXV,
266 2853 465 2931 LXXVI=p.
484 2867 538 2929 7o;
560 2853 761 2913 LXXXVIII.

168 2950 205 3009 In
229 2952 285 3010 hac
308 2952 503 3028 descriptione
523 2952 696 3028 paginarum
717 2969 778 3011 non
799 2970 906 3029 queror
926 2952 1148 3012 Lachmarmum
1168 2972 1271 3013 uersus

126 3060 230 3115 contra
248 3050 338 3109 fidem
356 3049 493 3109 codicum
512 3050 685 3123 inseruisse;
710 3068 780 3109 nam
798 3051 890 3109 multa
908 3051 1050 3110 excidisse
1069 3050 1149 3129 apud
1166 3067 1271 3109 omnes

125 3158 249 3208 constat.
292 3147 367 3205 Eam
387 3146 491 3207 falsam
511 3157 610 3207 tamen
633 3166 698 3208 esse
721 3149 813 3207 multa
837 3148 974 3219 indicant,
996 3159 1029 3207 ut
1051 3149 1109 3207 iarn
1131 3166 1270 3225 perspex-

124 3257 210 3306 errmt
237 3246 419 3305 Froehnerus
447 3244 589 3323 Bergkius
614 3247 788 3307 Leutschius
815 3246 975 3307 Boehmius
1002 3247 1058 3306 alii.
1102 3245 1143 3305 Vt
1170 3247 1269 3322 singil-

124 3346 206 3405 latim
221 3346 321 3404 omnia
334 3364 499 3422 persequar,
514 3346 579 3423 quis
599 3347 698 3406 credat
718 3347 749 3405 in
770 3345 825 3405 c.I
848 3347 988 3405 amissum
1006 3346 1164 3422 quicquam
1182 3346 1285 3404 esse?<

126 3444 206 3504 Nihil
229 3444 268 3503 ad
290 3444 463 3503 sententiam
488 3444 578 3515 deest,
600 3462 659 3503 una
684 3444 793 3520 syllaba
813 3445 852 3504 ad
875 3454 1017 3516 metrum;
1043 3445 1146 3503 decern
1167 3462 1270 3503 uersus

125 3544 157 3602 in
177 3560 215 3602 eo
236 3542 323 3602 fuisse
345 3543 450 3618 probat
468 3542 555 3601 etiam
569 3542 709 3601 Martialis
729 3544 854 3602 imitator
872 3544 905 3601 in
922 3544 1130 3619 epigrammate
1144 3541 1214 3599 VII.
1231 3543 1269 3599 26

124 3640 207 3719 quod
222 3638 374 3701 manifeste
388 3639 445 3699 huc
458 3639 587 3711 refertur,
601 3641 698 3718 ipsum
713 3650 811 3700 autem
825 3640 928 3700 decem
941 3658 1043 3699 uersus
1056 3640 1153 3699 habet.
1181 3638 1270 3698 Mitto

124 3758 150 3798 c.
167 3738 196 3797 II
222 3740 252 3797 in
277 3757 336 3816 quo
361 3738 517 3798 desiderari
544 3740 684 3799 nonnulla
708 3740 796 3799 docet
822 3739 880 3798 loci
908 3740 1058 3798 sententia
1111 3738 1169 3797 Sed
1198 3736 1270 3796 nihil

124 3838 155 3895 ln
176 3854 201 3895 c.
217 3836 247 3895 X
267 3837 364 3896 euenit
383 3837 559 3908 huiusmodi,
579 3856 635 3898 nec
657 3848 736 3897 tanta
757 3838 830 3897 fides
851 3836 1003 3897 tribuenda
1022 3847 1067 3897 est
1087 3845 1202 3896 uetusto
1223 3835 1270 3895 Isti

125 3935 230 4007 codici,
251 3936 289 3995 de
310 3953 370 4014 quo
391 3937 518 4013 loquitur
532 3936 698 3996 Alexander
713 3936 868 4008 Guarinus,
889 3947 921 3996 ut
941 3955 1031 3996 sensu
1051 3936 1186 3995 carminis
1206 3952 1269 3994 non

124 4042 277 4111 poscente,
291 4044 394 4093 contra
414 4035 584 4112 interpretes
605 4036 760 4113 plerosque
780 4045 810 4095 et
830 4036 927 4112 ipsum
947 4034 1118 4105 Guarinum,
1132 4032 1267 4092 lacunam

124 4132 156 4192 in
171 4150 208 4191 eo
223 4130 500 4209 deprehendarnus¹.
542 4133 578 4191 In
592 4152 617 4193 c.
632 4132 703 4193 LXI
719 4144 775 4194 tres
789 4151 891 4193 uersus
904 4143 971 4209 post
984 4152 1013 4192 u.
1026 4128 1111 4211 (107)
1126 4130 1268 4190 excidisse

158 4368 167 4398 ¹
184 4377 191 4398 ⁸
200 4370 259 4420 Post
270 4370 349 4433 inquio
358 4370 445 4435 puellae
450 4370 554 4431 smertra
565 4370 666 4433 tapnim
677 4372 701 4417 in
712 4370 788 4419 codice
797 4378 891 4425 msto,
902 4384 959 4433 puae
969 4384 1015 4417 non
1025 4369 1098 4417 luem
1109 4378 1135 4415 ut
1145 4377 1218 4414 maa
1229 4368 1271 4414 sed

125 4460 131 4480 ¹
142 4454 301 4505 &matera
309 4448 387 4518 potius
396 4464 506 4518 praestat,
515 4464 541 4503 ut
551 4456 575 4502 in
586 4455 724 4518 sequentibus
732 4453 808 4516 patet’
817 4455 869 4517 (tot.
876 4453 943 4516 XI.·)
960 4453 1079 4514 Quantum
1088 4452 1155 4499 Ater.
1164 4450 1268 4499 Guarino
