3142 5059
553 437 610 497 AD
638 436 792 497 XXXVII.
814 441 859 496 18.
1218 437 1277 494 ³27.

133 621 237 698 wulgus
255 621 418 699 appellabat,
438 637 561 682 uxorem
582 631 679 682 autem
700 620 773 680 mira
793 619 944 681 custodela
963 619 1044 680 domi
1067 639 1137 680 suae
1161 620 1278 680 solitum

133 717 273 780 cohibere
286 721 397 780 adulter
410 719 587 780 Philetaerus
606 719 697 780 elusit
739 719 843 796 Itaque
863 737 930 778 cum
951 719 1068 795 scorpio
1086 719 1174 797 piscis
1195 737 1277 779 moe·

133 819 258 879 chorum
285 820 371 880 sedes
397 837 492 897 penae
518 818 586 879 loco
613 819 735 878 intrasse
762 818 902 889 uideatur,
929 817 1008 876 idem
1040 827 1138 877 autem
1167 835 1278 876 nornen

133 917 267 977 animalis
286 918 427 977 terrestris
447 917 531 977 fuerit
552 925 580 976 et
602 916 720 994 quidem
740 916 891 986 notissimi,
911 915 1017 975 dixeris
1038 925 1088 976 aut
1108 915 1188 992 quod
1207 916 1279 975 utri·

133 1033 229 1091 usque
246 1033 404 1075 commune
421 1025 498 1076 esset
511 1015 572 1073 uim
586 1017 726 1087 πληκτικὴν
740 1013 790 1093 (cf.
804 1013 988 1073 Athenaeum
1002 1013 1072 1073 VII.
1088 1009 1159 1091 720)
1174 1013 1277 1074 iecisse

133 1123 166 1172 ut
180 1113 272 1172 uenni
289 1113 459 1172 tribueretur
472 1113 553 1188 quod
566 1112 639 1188 pisci
656 1113 806 1188 proprium
827 1121 912 1183 esset,
929 1121 979 1171 aut
999 1111 1155 1171 coniuncto
1170 1111 1277 1187 duplici

134 1229 225 1270 sensu
239 1211 323 1270 simul
342 1210 463 1270 adulteri
482 1209 655 1288 supplicium
679 1209 857 1286 significasse
879 1211 1057 1287 scorpiones,
1079 1209 1163 1270 simul
1183 1209 1279 1270 mariti

133 1308 285 1368 ultionem.

177 1406 225 1465 Ad
238 1417 325 1466 notas
339 1406 523 1482 inpudicitiae
539 1406 587 1480 (cf.
604 1406 723 1467 Suetoni
736 1405 896 1484 Relliquias
909 1407 955 1467 ed.
970 1406 1150 1486 Reyffersch.
1164 1425 1194 1483 p.
1207 1409 1277 1483 137)

134 1505 259 1564 sortasse
272 1505 397 1584 pertinet
410 1505 550 1565 difficilior
563 1523 665 1564 uersus
679 1503 758 1583 apud
771 1504 937 1565 Ausonium
950 1506 1006 1582 Ep.
1021 1509 1087 1566 128.
1102 1525 1200 1582 10-13

423 1659 501 1732 Quat
510 1662 632 1736 imperite
643 1685 659 1734 ρ
665 1666 753 1736 putas
766 1659 809 1719 ibi
817 1662 952 1736 scriplum

427 1757 481 1816 Vbi
489 1759 581 1817 locari
590 1757 614 1815 I
623 1760 746 1818 conuenit
757 1758 895 1835 longum?

419 1855 531 1915 Metelle
544 1857 636 1915 doctor
655 1861 677 1918 8
695 1856 798 1915 tz'bisr't
808 1857 923 1929 obsceno,

424 1952 566 2032 Tuamque
578 1975 671 2014 nomen
687 1969 720 2034 Θ
738 1957 839 2014 sectilis
850 1958 946 2033 signet.

136 2119 162 2177 tl
185 2095 407 2190 interpretantiu
427 2111 536 2184 funem,
551 2130 608 2190 ego
628 2123 751 2186 taurum,
769 2113 817 2173 cui
836 2111 1063 2190 interpretationi
1083 2113 1186 2172 melius
1208 2131 1279 2173 con·

134 2214 217 2274 uenit
230 2211 300 2272 illud
312 2212 469 2271 obsceno
479 2231 488 2284 ;
509 2221 607 2271 durus
626 2212 705 2271 enirn
724 2213 754 2271 in
773 2212 909 2272 obscenis
926 2222 979 2271 est.
1020 2212 1111 2271 Tauri
1131 2221 1228 2270 autern
1248 2212 1279 2270 in

136 2311 268 2371 Zodiaco
281 2311 397 2386 signum
411 2319 471 2369 erat
490 2321 591 2387 estque
608 2319 644 2374 9.
687 2309 757 2370 Hoc
771 2311 858 2369 etiam
872 2310 959 2369 ceteri
972 2328 1074 2369 uersus
1088 2309 1261 2369 confirmant
1269 2329 1277 2382 ;

136 2409 253 2469 namin
268 2411 327 2468 u8
342 2420 364 2466 n
379 2409 494 2486 signum
510 2417 554 2470 est
567 2409 681 2480 Librae,
696 2409 726 2466 in
743 2427 771 2470 u.
785 2430 803 2485 9
818 2419 840 2465 Φ
854 2409 986 2480 Veneris,
999 2409 1030 2467 in
1043 2408 1278 2487 u.13<3)Solis.

135 2507 241 2584 Itaque
261 2525 311 2567 eas
332 2507 427 2566 literas
447 2508 562 2566 uidettu
580 2507 634 2566 sibi
653 2508 775 2584 elegisse
796 2507 945 2587 Ausonius
967 2525 1043 2583 quae
1067 2507 1170 2583 triplici
1191 2526 1280 2566 sensu

135 2615 259 2682 possent
272 2605 373 2681 accipi,
387 2605 482 2682 primo
495 2606 695 2683 grammatico,
710 2606 842 2664 obsceno
856 2605 955 2677 altero,
970 2605 1053 2665 tertio
1068 2599 1189 2666 zodiaci.
1231 2604 1276 2665 Cl.

135 2695 255 2764 Petron.
271 2703 330 2764 Sat.
346 2718 394 2780 35,
410 2723 457 2780 39.

451 3094 666 3156 EXCVRSVS
687 3095 725 3156 ad
745 3095 904 3156 XXXVII.
922 3099 967 3155 18.

340 3260 394 3320 Tu
413 3272 553 3338 praeter
573 3279 695 3320 omnes
716 3280 782 3320 une
803 3261 845 3320 de
865 3262 1045 3338 capillatis
1230 3295 1240 3328 r

341 3357 578 3420 Cuniculosae
599 3358 815 3419 Celtiberiae
836 3358 902 3418 fili.

136 3591 138 3595 Ι
180 3509 248 3568 Hos
263 3508 337 3568 duos
350 3526 452 3567 uersus
465 3507 629 3568 Priscianus
642 3507 688 3566 bis
702 3507 943 3566 commemorauit
956 3507 1028 3568 Inst
1039 3507 1075 3567 V.
1089 3519 1135 3582 77,
1151 3507 1220 3568 VII.
1233 3527 1278 3569 aa.

137 3615 146 3639 ‘
161 3608 325 3685 Vtrobique
338 3607 403 3666 libri
416 3608 447 3664 in
461 3607 518 3666 hoc
531 3606 602 3666 uitio
616 3606 786 3682 conspirant

422 3754 670 3815 Celtiberosae
691 3753 906 3814 Celtiberiae
927 3753 981 3812 sili

137 3914 258 3974 ‘autin
277 3913 392 3973 mendis
406 3914 511 3990 quibus
529 3913 624 3990 ipsum
644 3913 714 3972 illud
730 3911 927 3972 Celtiberosae
946 3913 1070 3989 amplius
1090 3915 1280 3992 deprauatum

138 4019 146 4044 ⁴
161 4025 214 4072 est.
257 4012 315 4072 Sed
335 4013 430 4073 codex
448 4012 694 4072 Darmstadiensis
713 4012 830 4072 saeculo
845 4011 905 4070 XII
922 4013 1045 4089 scriptus
1063 4033 1123 4090 quo
1142 4015 1282 4074 Hertzius

138 4119 231 4171 ‘usus
256 4122 300 4171 est
326 4112 480 4188 utrobique
506 4111 680 4187 (secundum
704 4111 833 4171 Keilium
859 4111 890 4169 in
914 4111 982 4171 VII.
1000 4132 1035 4171 22
1061 4115 1280 4186 tautummodo)

139 4208 400 4269 ‘Cuniculosae
424 4211 551 4285 praebet
593 4209 692 4282 Quare
713 4210 875 4286 putandum
896 4220 939 4269 est
960 4221 1010 4270 aut
1029 4228 1131 4269 uerum
1152 4212 1282 4269 uocabu-

139 4315 146 4340 ‘
162 4309 222 4367 lum
241 4327 333 4385 usque
351 4307 389 4366 ad
403 4307 481 4367 hunc
495 4307 599 4367 librum
616 4308 770 4368 deuenisse
789 4326 826 4366 ex
845 4309 995 4384 antiquore
1014 4307 1172 4384 exemplari
1193 4326 1282 4384 quam

139 4413 198 4465 ‘ex
219 4425 280 4483 quo
301 4406 387 4465 ceteri
408 4406 470 4465 libri
492 4423 597 4464 omnes
618 4406 735 4466 deducti
758 4416 826 4467 sunt
846 4417 896 4465 aut
915 4406 1004 4467 fuisse
1023 4406 1140 4465 saeculo
1155 4405 1215 4465 XII
1235 4407 1283 4466 uel

140 4505 261 4582 ‘paullo
285 4513 371 4564 antea
396 4523 458 4563 non
482 4503 632 4563 indoctum
657 4502 807 4562 homiuem
831 4505 881 4581 qui
905 4523 981 4581 quae
1006 4503 1168 4564 Priscianus
1192 4505 1286 4565 attulit
