3142 5059
252 366 318 425 xxvi
695 362 1052 425 PROLEGOMENA.

368 560 498 602 nothart
516 559 590 603 malt
609 558 744 602 emotas
950 557 1079 600 nnuman
1097 556 1219 598 stunt
1238 555 1458 599 Postumus.

254 655 292 729 67
321 653 417 730 Ipsius
431 654 603 729 antepedes
900 655 939 711 68
968 652 1018 711 Set
1031 652 1318 729 nequetummitrae

254 766 289 825 54
321 750 456 810 Heroum
470 751 543 809 mira
555 750 674 810 uirtutes
901 765 937 825 54
967 749 1103 827 Namque
1117 749 1291 808 fluentisono

254 862 292 924 35
320 849 468 908 Deseritur
482 849 588 924 Scyros
901 850 939 923 36
968 846 1191 923 Crannonisque
1205 846 1311 905 domos

256 966 293 1022 19
321 946 402 1005 Tum
416 946 548 1007 Thetidis
563 947 665 1005 Peleus
903 966 941 1006 46
969 945 1049 1005 Τ44444
1063 945 1167 1004 Thetis
1179 945 1327 1003 humanos

276 1062 294 1119 3
322 1042 464 1103 Phasidos
478 1044 517 1104 ad
530 1044 634 1103 fluctus
922 1064 940 1117 4
969 1044 1046 1104 Cum
1059 1043 1125 1102 lecti
1139 1044 1259 1103 iuuenes

295 1270 448 1349 Pergimus
462 1272 501 1331 ad
514 1271 604 1344 Attin,
618 1273 732 1332 adiecto
746 1272 829 1333 titulo
842 1292 867 1333 c.
883 1271 983 1331 LXIV
996 1272 1047 1349 qui
1059 1274 1145 1331 nnius
1158 1289 1260 1331 uersus
1274 1271 1363 1329 instas
1375 1268 1478 1329 habet.

371 1440 500 1486 thoman
519 1440 593 1481 tunt
612 1442 747 1487 PRIORES.
950 1441 1080 1483 nnuman
1100 1440 1223 1481 suma
1242 1438 1456 1480 Postumus

256 1532 293 1589 81
323 1531 389 1608 Age
404 1533 493 1592 caede
508 1543 590 1610 terga
603 1532 696 1593 cauda
903 1539 941 1595 84
971 1536 1048 1594 Face
1061 1543 1167 1593 cuncta
1179 1533 1320 1609 mugienti

256 1631 295 1703 65
325 1630 398 1689 Mihi
413 1630 516 1689 ianuae
531 1630 696 1707 frequentes
903 1636 943 1693 66
971 1632 1046 1692 Mihi
1060 1632 1170 1691 floridis
1183 1631 1298 1691 corollis

257 1746 295 1802 49
325 1727 450 1787 Patriam
465 1730 591 1789 allocuta
604 1722 715 1790 maesta
728 1742 772 1789 est
904 1747 943 1808 50
971 1731 1066 1791 Patria
1079 1730 1108 1789 O
1123 1730 1180 1789 mei
1194 1729 1315 1789 creatrix

258 1844 296 1901 33
325 1826 422 1885 Veluti
435 1828 559 1887 iuuenca
571 1828 667 1889 uitans
904 1849 941 1905 34
970 1828 1103 1905 Rapidae
1117 1829 1221 1887 ducem
1236 1836 1396 1905 sequuntur

260 1938 294 1998 17
323 1923 361 1982 Et
375 1944 482 2002 corpus
496 1928 624 1986 euirastis
906 1931 943 1987 18
972 1926 1101 1986 Hilarate
1115 1944 1182 1985 aere
1195 1926 1289 1985 citatis

280 2040 292 2079 1
325 2022 417 2099 Super
432 2024 490 2084 alta
502 2035 604 2085 uectus
618 2026 694 2085 Attis
927 2044 942 2083 4
971 2023 1129 2101 Phrygium
1141 2032 1174 2082 ut
1187 2040 1291 2082 nemus
1305 2021 1393 2081 citato

297 2249 412 2311 Deinde
425 2250 463 2310 ad
477 2270 596 2311 carmen
614 2250 751 2329 nuptiale,
766 2249 847 2329 quod
864 2270 901 2311 ex
917 2251 1050 2309 uersibus
1065 2251 1103 2325 76
1118 2257 1253 2309 constare
1266 2247 1402 2309 facimus.
1442 2247 1517 2308 Ad·

256 2347 372 2409 dendns
386 2359 431 2409 est
444 2351 541 2411 titulus
555 2352 690 2411 carminis
705 2350 817 2410 LXIII.

372 2510 502 2551 PAGINAE
521 2511 596 2552 mna
614 2511 749 2553 monus·
952 2506 1082 2549 Paomis
1101 2507 1224 2549 svmlt
1243 2507 1461 2553 postmom-

258 2603 296 2661 64
312 2601 378 2682 (53)
406 2602 495 2663 Hanc
509 2606 579 2664 nulli
594 2606 738 2681 agricolae
906 2605 944 2678 63
960 2599 1025 2682 (54)
1053 2601 1093 2660 At
1106 2603 1131 2661 si
1144 2602 1219 2662 forte
1232 2602 1335 2661 eadem
1350 2611 1396 2660 est

259 2701 298 2771 46
314 2696 379 2779 (37)
408 2698 602 2772 Quidtumsi
616 2712 739 2779 carpunt
906 2714 943 2776 47
960 2698 1027 2779 (38)
1054 2699 1396 2776 HymenoHymenaee

329 2816 368 2873 36
409 2796 489 2870 Quid
504 2798 587 2859 datur
600 2818 618 2858 a
632 2800 707 2859 diuis
974 2817 1009 2874 34
1055 2797 1175 2875 Hymen
1189 2815 1209 2856 o
1222 2798 1384 2873 hymenaee

330 2913 366 2967 14
409 2894 473 2955 Nec
487 2896 593 2955 mirum
606 2898 721 2974 penitus
792 2946 795 2949 .
976 2911 1011 2971 15
1053 2896 1119 2955 Nos
1133 2896 1190 2955 alio
1203 2906 1317 2955 mentes

301 3111 418 3271 DeinIde
435 3114 474 3174 ad
487 3113 711 3193 Epithalamium
725 3118 807 3194 quod
820 3116 896 3177 lacio
912 3134 971 3188 446
984 3133 1130 3176 uersuum.
1172 3114 1335 3175 Addendus
1349 3125 1395 3173 est
1407 3114 1515 3175 tiurlus

260 3231 285 3272 c.
300 3212 370 3272 LXI
389 3259 395 3271 .

376 3370 505 3414 Paolum:
523 3374 597 3415 Im
615 3376 750 3419 salonas.
955 3372 1085 3414 naaman
1105 3371 1228 3414 SVHHAB
1247 3370 1463 3415 postmontes·

264 3482 322 3538 439
337 3462 424 3544 (447)
452 3465 576 3527 Munere
588 3469 703 3529 assidue
712 3468 858 3528 ualentem
910 3484 967 3538 446
982 3463 1069 3545 (448)
1096 3464 1239 3525 Exercete
1252 3465 1404 3524 iuuentam

264 3579 322 3636 443
339 3558 424 3642 (444)
452 3564 608 3641 Porrigens
619 3576 732 3626 teneras
743 3584 848 3625 manus
910 3582 966 3634 444
982 3560 1069 3639 (444)
1096 3561 1190 3623 Dulce
1203 3562 1296 3621 rideat
1309 3562 1349 3623 ad
1362 3572 1480 3639 patrem

265 3672 321 3732 467
339 3655 423 3739 (495)
452 3660 517 3719 Iam
527 3664 619 3723 uenis.
630 3661 859 3724 BonateVenus
910 3664 968 3720 208
984 3659 1070 3740 (496)
1098 3662 1216 3731 querit,
1231 3661 1372 3738 quoniam
1386 3661 1492 3739 palam

266 3772 321 3829 494
340 3752 424 3835 (479)
452 3755 516 3817 Vos
530 3761 627 3819 bonae
640 3761 840 3821 senibusuin's
913 3777 967 3834 494
985 3756 1071 3837 (486)
1099 3758 1244 3836 Cognitae
1257 3761 1335 3818 bene
1348 3759 1479 3820 feminae

268 3865 324 3927 175
341 3848 424 3933 (168)
453 3850 489 3913 Io
503 3854 623 3932 Hymen
636 3856 809 3933 Hymenaee
913 3858 969 3930 476
984 3853 1071 3935 (469)
1098 3856 1219 3915 illinon
1232 3857 1447 3917 minusactibi

267 3965 324 4025 159
341 3947 425 4030 (454)
455 3951 489 4010 Io
505 3951 624 4029 Hymen
639 3953 812 4031 Hymenaee
830 3957 860 4014 io
913 3956 970 4013 160
984 3951 1070 4031 (153)
1098 3952 1134 4013 Io
1148 3952 1270 4030 Hymen
1284 3954 1462 4030 Hymenaee

268 4066 325 4123 443
341 4044 425 4128 (436)
453 4049 608 4109 Abstinere
622 4050 674 4109 sed
688 4051 800 4111 abstine
913 4071 968 4125 444
985 4049 1072 4130 (437)
1097 4052 1135 4112 Io
1148 4052 1270 4129 Hymen
1285 4053 1462 4129 Hymenaee

268 4158 324 4220 447
341 4142 425 4226 (446)
454 4146 636 4209 Fascennina
648 4149 757 4209 locutio
914 4153 969 4209 448
985 4146 1071 4229 (444)
1100 4150 1165 4211 Nec
1178 4168 1270 4211 nuces
1284 4152 1382 4227 pueris
1395 4165 1490 4230 neget

270 4261 323 4301 444
342 4242 427 4322 (467)
457 4244 838 4324 Ocubilequodomnibus
914 4248 998 4328 112(
1059 4246 1072 4327 )
1127 4249 1145 4287 *
1189 4249 1207 4287 *
1251 4251 1269 4288 *
1312 4251 1332 4288 *
1425 4252 1428 4255 ’

286 4352 326 4415 95
340 4332 412 4420 (94)
454 4340 580 4403 Prodeas
593 4362 664 4402 noua
678 4351 762 4419 nupta
932 4348 971 4421 96
985 4343 1052 4425 (94)
1099 4346 1230 4407 Prodeas
1244 4366 1323 4407 noua
1337 4358 1432 4425 nupta
1445 4352 1472 4410 si

289 4435 775 4519 79()******
932 4440 1389 4524 &Marassa
