3142 5059
315 402 374 459 238
718 396 775 458 DE
802 397 1061 459 PARTITIONE

313 580 439 639 diuisum
457 588 502 638 est
520 580 662 639 trinorum
679 597 827 649 uersuum,
842 578 924 637 finita
942 594 1009 637 cmn
1028 576 1149 655 singulis
1169 577 1297 653 strophis
1311 580 1474 642 sententia.
1546 552 1547 573 Χ

312 696 375 736 non
389 676 481 753 signis
494 695 550 737 nec
563 677 709 737 literarum
726 678 833 753 speeie,
847 677 933 753 quale
953 677 989 734 sit
1003 675 1154 747 definitur;
1176 693 1279 734 uersus
1299 678 1384 734 enim
1408 696 1473 734 nnn
1546 680 1547 689 ³

312 774 419 851 singuli
443 774 569 851 spatium
590 774 684 834 lineae
706 774 847 843 obtinent,
871 772 924 831 sed
947 774 985 831 ab
1008 782 1139 831 extrema
1157 772 1234 831 linea
1255 772 1294 831 ad
1315 774 1470 849 inceptam

312 882 483 949 sequentem
504 872 717 932 continuantur.
759 872 844 931 Idem
866 870 943 929 cadit
963 870 993 927 in
1015 868 1173 945 Peristepb.
1189 868 1271 940 XIV,
1291 888 1470 947 quanquam

312 968 370 1030 boc
384 970 504 1046 quidem
523 970 554 1027 in
573 969 709 1045 strophas
727 986 789 1027 non
808 968 959 1044 descripsit
973 966 1155 1027 Prudentius.
1198 966 1258 1026 Sed
1272 978 1376 1025 tamen
1391 986 1470 1043 quae

312 1078 412 1127 extant
434 1068 559 1143 uestigia
576 1067 647 1125 satis
667 1066 798 1125 indicant
811 1063 1042 1124 Christianorum
1062 1064 1163 1123 saltem
1182 1064 1212 1121 in
1234 1065 1383 1140 poematis
1406 1082 1468 1122 non

313 1176 398 1224 notas
422 1182 547 1241 semper,
569 1164 670 1240 quales
692 1173 890 1223 memorantur
910 1180 929 1220 a
950 1160 1091 1220 Suetonio
1111 1170 1140 1221 et
1161 1160 1286 1232 Isidoro,
1307 1176 1468 1238 usurpatas

312 1262 401 1321 fuisse
420 1262 451 1319 in
465 1262 622 1321 discrimen
643 1262 837 1337 stropharum,
853 1259 905 1320 sed
924 1262 1002 1320 idem
1016 1260 1087 1319 alias
1100 1259 1245 1319 literanum
1259 1259 1389 1318 formam
1404 1277 1467 1317 ma-

312 1360 405 1417 iorem
423 1358 494 1416 alias
510 1358 641 1417 relictum
656 1356 710 1436 (sic
723 1360 803 1417 emm
817 1354 918 1434 credo)
934 1367 1000 1435 post
1015 1357 1165 1433 stropham
1180 1359 1306 1433 spatium
1320 1358 1466 1416 effecisse.

313 1456 412 1528 Quem
426 1472 540 1513 morem
554 1473 616 1515 non
630 1468 675 1515 est
688 1475 740 1515 cur
754 1457 785 1515 in
799 1455 1030 1515 Christianorum
1044 1466 1157 1515 tantum
1175 1456 1320 1531 poematis
1336 1457 1465 1515 ualuisse

312 1564 456 1631 putemus.
501 1554 578 1614 Cum
596 1557 677 1614 enim
694 1568 727 1616 ut
747 1557 816 1627 dixi,
831 1574 892 1615 non
906 1574 1022 1633 semper
1035 1575 1072 1615 ex
1086 1556 1227 1631 scriptura
1240 1555 1353 1614 codicis
1367 1556 1465 1615 elicias

313 1660 386 1728 quot
398 1669 501 1711 uersus
515 1652 546 1710 in
559 1663 680 1731 utraque
694 1654 814 1729 stropha
828 1653 1003 1713 Prudentius
1017 1654 1162 1731 posuerit:
1184 1653 1242 1712 hoc
1257 1664 1358 1712 autem
1373 1654 1465 1711 modo

312 1759 433 1827 propter
453 1750 639 1810 continuatos
656 1769 761 1827 prosae
778 1768 861 1809 more
881 1769 993 1822 uersus,
1012 1751 1103 1809 modo
1118 1750 1199 1827 quod
1220 1750 1297 1808 binis
1318 1750 1466 1808 columnis

313 1851 412 1927 scripti
436 1860 535 1909 essent
558 1850 684 1927 ideoque
707 1852 822 1921 turbati,
845 1851 968 1911 hansitu
992 1852 1029 1910 ab
1054 1852 1142 1909 altera
1167 1850 1244 1909 sacto
1269 1851 1308 1908 ad
1332 1850 1464 1921 alteram,

313 1949 406 2009 modo
428 1967 465 2007 er
487 1948 603 2007 omissis
627 1948 782 2007 initialibus
805 1948 902 2019 literis,
927 1949 1067 2008 accidisse
1094 1947 1234 2017 uideatur,
1259 1947 1333 2007 haec
1363 1950 1465 2006 omnia

313 2046 402 2103 etiam
415 2044 483 2104 alibi
500 2062 612 2104 errores
632 2064 667 2104 ac
681 2046 781 2105 ttubas
801 2064 898 2105 creare
916 2055 1080 2123 potuerunt
1122 2044 1213 2104 Cuius
1233 2045 1274 2104 rei
1293 2046 1463 2122 exemplum

314 2144 396 2220 quod
409 2144 538 2220 suppetit
551 2142 684 2203 adiciam.
726 2142 849 2201 Habent
864 2142 981 2203 codices
996 2142 1103 2202 Culicis
1116 2143 1189 2201 hacc

456 2320 494 2382 57
540 2306 567 2365 0
579 2308 649 2365 bona
658 2310 793 2383 partomi,
806 2311 837 2367 si
845 2310 907 2383 quir
922 2326 975 2365 non
982 2308 1115 2382 pauperat
1129 2326 1209 2365 mam

537 2404 633 2463 Mente
640 2408 727 2480 prtits
740 2407 817 2463 docta
819 2406 961 2483 fastidiit!
972 2411 998 2463 el
1004 2404 1100 2479 probet
1111 2404 1168 2461 t'llti·

540 2501 642 2561 Omm'a
656 2504 794 2562 luxuriae
806 2504 906 2577 sprebit
920 2502 1058 2577 theognito
1071 2503 1149 2558 curti

314 2672 400 2732 Haec
425 2674 581 2751 aliquando
605 2675 743 2733 continue
766 2674 873 2750 scripta
897 2673 985 2732 fuisse
1012 2674 1042 2731 in
1071 2674 1182 2745 codice,
1207 2672 1276 2733 hinc
1305 2676 1464 2737 concludo.

313 2772 433 2830 Dixerat
447 2782 549 2831 auctor
563 2772 698 2831 carminis
716 2778 743 2829 ct
755 2772 852 2846 probet
869 2772 917 2828 illi
929 2770 1044 2829 Somnia
1063 2772 1223 2838 luxurthe,·
1244 2773 1318 2832 haec
1335 2774 1465 2849 primum

313 2868 446 2927 uersibus
470 2868 528 2926 alio
553 2885 639 2945 super
661 2868 749 2927 alium
771 2869 883 2945 positis,
907 2886 977 2927 mox
1000 2870 1144 2927 continuis
1169 2870 1222 2927 sed
1246 2888 1298 2945 per
1323 2872 1464 2931 initialem

313 2964 427 3023 literam
453 2965 529 3022 inter
556 2982 587 3023 se
615 2966 723 3035 diuisis,
752 2976 902 3042 postremo
930 2967 992 3025 sine
1020 2966 1119 3025 initiali
1147 2966 1326 3043 legebantur.
1382 2969 1463 3029 Hinc

313 3062 422 3120 iactum
435 3070 468 3120 ut
482 3061 655 3120 illiSomnm
675 3064 705 3120 in
722 3064 781 3121 illei
798 3062 899 3123 θηηία
918 3074 1061 3123 mutamm
1076 3064 1167 3123 luerit.
1211 3065 1322 3125 Similia
1342 3085 1464 3142 passum
1546 3128 1547 3133 ,

313 3177 378 3219 esse
392 3159 498 3219 Catulli
511 3160 709 3237 Hymenaeon
723 3161 794 3221 LXI
815 3163 874 3221 dixi
893 3164 924 3221 in
942 3162 1169 3238 Prolegomenis.
1212 3162 1303 3223 Cuius
1322 3164 1397 3223 liber
1415 3166 1463 3225 hic
1546 3192 1547 3227 i

312 3258 363 3335 qui
377 3259 415 3317 ad
429 3276 484 3318 nos
498 3260 630 3336 peruenit
643 3270 716 3336 quot
729 3271 759 3319 et
772 3272 897 3336 quantas
911 3269 1008 3337 potest
1023 3261 1145 3319 subiisse
1159 3262 1354 3320 mutationes!
1384 3264 1463 3339 Ipse,

313 3367 346 3415 ut
359 3358 474 3434 opinor,
489 3358 513 3416 si
528 3358 657 3417 camnina
670 3358 792 3433 digessit
805 3357 835 3415 in
849 3356 992 3433 strophas
1008 3374 1069 3417 non
1083 3367 1143 3415 erat
1158 3358 1262 3415 librum
1283 3360 1337 3417 nisi
1357 3360 1463 3419 additis
1546 3346 1547 3367 ¹

313 3458 405 3533 signis
432 3457 620 3533 partitionum
647 3456 812 3514 emissurus.
864 3454 900 3514 Id
921 3456 1023 3514 saltem
1044 3457 1074 3514 in
1095 3456 1129 3514 iis
1149 3457 1296 3515 concedas
1315 3476 1392 3535 quae
1414 3470 1463 3517 aut
1546 3510 1547 3513 ,

312 3554 378 3630 ipso
404 3565 499 3614 metro
523 3564 573 3612 aut
599 3553 771 3629 interposito
799 3552 1024 3629 epiphonemate
1053 3555 1181 3631 speciem
1208 3572 1279 3630 prae
1307 3573 1339 3613 se
1368 3556 1462 3615 serunt

313 3648 505 3725 stropharum,
535 3651 631 3727 qualia
658 3660 725 3709 sunt
756 3650 904 3727 sapphica,
929 3650 1079 3726 glyconea,
1105 3650 1332 3726 Epithalamium
1365 3650 1462 3728 Vesper

312 3747 396 3817 adest,
411 3749 527 3817 ibamus,
541 3750 718 3824 circumite,-
747 3747 844 3823 Vesper
861 3746 992 3825 Olympo:
1014 3766 1065 3807 cur
1084 3748 1180 3807 minus
1200 3749 1230 3805 in
1251 3749 1284 3807 iis
1305 3767 1382 3824 quae
1401 3769 1461 3809 non

312 3843 411 3901 minus
434 3854 543 3903 certam
563 3846 756 3921 partitionem,
777 3846 839 3904 siue
860 3846 889 3903 in
910 3848 992 3922 paria
1012 3846 1121 3904 habent
1142 3847 1203 3905 siue
1226 3846 1255 3904 in
1276 3848 1459 3924 aequabilia?

312 3959 337 3998 c.
354 3939 442 3997 XXX
455 3940 494 3999 ad
514 3943 683 4017 exemplum
703 3944 816 4019 scripsit
831 3944 966 4020 Sapphus
974 3964 982 4017 ;
1005 3963 1067 4003 non
1084 3954 1115 4003 ut
1131 3944 1251 4021 Sappho
1266 3944 1460 4021 descripturus

312 4047 375 4097 erat
392 4038 423 4096 in
444 4039 588 4115 strophas,
603 4058 665 4099 non
678 4050 710 4099 ut
725 4040 860 4118 Sapphus
878 4042 1021 4101 editiones
1041 4044 1080 4101 ita
1098 4060 1182 4102 suam
1201 4053 1272 4101 nota
1289 4042 1385 4118 aliqua
1404 4045 1458 4103 dis-
1546 4072 1547 4075 ¹

311 4137 453 4196 tincturus
479 4137 683 4214 stropharum?
713 4158 737 4198 c.
764 4139 869 4198 XXIX
895 4140 1073 4199 lucidissima
1099 4140 1253 4217 partitione
1276 4142 1307 4197 in
1331 4142 1458 4218 quinque

312 4235 411 4293 diuisit
434 4244 591 4312 systemata
615 4236 797 4295 iamborum:
828 4255 888 4296 non
915 4238 1065 4297 interualla
1092 4238 1195 4295 saltem
1223 4237 1372 4297 additurus
1401 4249 1458 4297 erat
1546 4276 1547 4285 ι

312 4335 417 4410 quibus
431 4334 461 4393 id
475 4335 695 4394 ostenderetur?
737 4354 761 4393 c.
777 4334 848 4393 XLI
870 4335 1015 4394 uocabulo
1030 4336 1126 4410 puella
1144 4346 1244 4411 quater
1264 4336 1295 4393 in
1314 4345 1383 4394 octo
1398 4355 1456 4394 uer·
1546 4320 1547 4395 i

313 4432 392 4492 sibus
413 4434 518 4510 posito,
533 4434 578 4493 bis
597 4443 665 4509 post
684 4442 825 4509 quartam,
840 4435 885 4491 bis
905 4443 971 4508 post
992 4443 1104 4493 sextam
1126 4433 1266 4509 syllabam
1288 4434 1317 4490 in
1337 4442 1456 4509 quatuor
