3142 5059
298 414 317 453 x
689 400 1043 461 PROLEGOMENA.

292 576 460 653 Ramamrm,
468 584 640 661 praesectum
648 584 774 660 fabrum
791 584 825 645 C.
842 584 976 645 Caesaris
994 585 1024 641 in
1040 581 1139 643 Galtrb
1153 600 1186 640 ne
1197 581 1444 657 ambsudegm‘tati

292 676 367 749 desit,
388 680 445 738 tali
459 688 570 738 auctore
589 684 699 739 inuenta
720 702 752 739 re
760 702 775 750 ‚·
796 683 841 740 bic
862 702 975 758 namque
994 688 1034 739 est
1050 680 1211 739 Mamurra
1229 678 1341 740 Catulli
1357 678 1439 736 Vero·

291 780 383 835 nensis
398 779 569 837 carminibus
583 782 746 854 proscissus,
761 802 846 856 quem,
861 788 895 839 ut
905 800 950 839 res
964 785 1009 852 est,
1024 782 1118 838 domus
1135 782 1222 855 ipsiius
1235 778 1342 836 clarries
1354 796 1439 852 mmm

294 873 425 935 Catullus
437 877 517 936 arun
528 878 628 936 babere
639 879 775 954 quitquid
784 880 925 938 habuisset
934 879 1050 939 Comata
1064 876 1171 937 Galla.
1212 876 1342 951 Namque
1353 876 1443 933 adrat

291 973 360 1031 rilem
384 972 476 1049 Nepos
499 978 624 1049 primum
648 980 710 1035 totis
736 978 848 1037 aedibus
873 979 980 1036 nullam
1007 980 1100 1036 nisie
1122 994 1261 1033 marmore
1283 974 1439 1032 columnam

291 1070 419 1129 baburise
446 1079 472 1130 et
496 1076 584 1131 amnis
611 1075 715 1133 salsitas
742 1096 755 1133 e
783 1075 915 1152 Carystio
945 1083 997 1133 aut
1021 1073 1156 1133 Lunensi.
1210 1072 1298 1131 Vnde
1325 1089 1439 1130 errasse

292 1166 513 1247 Pastrengicum
534 1184 662 1249 apparet,
677 1176 727 1249 qui
742 1174 858 1234 Catullo
876 1175 1005 1233 tribuerit
1024 1191 1099 1251 quae
1118 1172 1243 1248 Nepotis
1262 1179 1338 1229 sunt.
1380 1169 1440 1229 Ce-

290 1276 371 1327 teros
385 1278 443 1329 tres
458 1270 539 1330 locos
553 1272 603 1330 uix
618 1272 788 1349 scripsisset,
800 1274 855 1331 nisi
869 1275 965 1350 ipsum
979 1272 1084 1332 librum
1095 1270 1200 1330 Canrlli
1215 1270 1347 1346 legisset:
1366 1286 1438 1326 nam

291 1385 367 1444 quae
381 1369 473 1427 uerba
490 1370 520 1427 in
536 1371 630 1447 primo
645 1372 745 1443 attulit,
760 1390 905 1449 nusquam
919 1372 989 1431 alias
1003 1372 1137 1447 legtmtur
1145 1388 1154 1442 3
1175 1370 1254 1439 alter,
1268 1384 1438 1445 quanquam

290 1463 361 1523 nihil
379 1464 467 1525 habet
481 1468 562 1544 quod
582 1486 618 1527 ex
638 1470 815 1529 canninibus
835 1471 956 1529 ductum
974 1470 1019 1541 sit,
1033 1470 1122 1529 habet
1140 1478 1239 1527 tamen
1253 1485 1329 1543 quae
1347 1466 1438 1525 lecto-

290 1580 353 1621 rem
381 1564 507 1639 prodant
534 1567 705 1639 carminum,
733 1569 812 1627 unde
840 1570 919 1628 enim
946 1569 1002 1627 nisi
1029 1586 1066 1627 ex
1094 1569 1160 1644 ipso
1188 1566 1262 1625 libro
1290 1564 1438 1624 didicisset

291 1659 504 1738 Postrengicus,
517 1662 662 1724 Catullum
675 1667 778 1727 ‘uariis
792 1678 950 1726 metrorum
961 1667 1116 1743 generibus
1126 1684 1221 1736 usum,
1232 1664 1323 1723 multa
1336 1664 1438 1721 iocosa

291 1760 299 1791 ‘
314 1769 343 1818 et
358 1759 464 1835 placita
478 1762 626 1838 scripsisse
636 1764 660 1821 i'
682 1766 770 1823 etiam
786 1766 835 1824 illa
849 1765 1000 1825 ‘Catullus
1014 1766 1194 1824 Veronensis
1207 1763 1302 1839 poeta’
1317 1780 1353 1820 ex
1373 1760 1438 1819 libri

291 1854 382 1933 ipsius
401 1859 483 1919 titulo
502 1859 624 1921 sortasse
644 1863 813 1940 desumpsit.
856 1864 985 1937 Quartus
1000 1864 1104 1924 Isidori
1118 1875 1162 1922 est
1173 1861 1267 1941 (Orig.
1277 1860 1346 1919 XII.
1358 1862 1384 1917 6.
1395 1858 1436 1935 3),

292 1956 346 2015 sed
369 1966 401 2016 ut
425 1967 503 2017 recte
531 1960 732 2021 animaduertit
757 1962 914 2040 Hauptius‚
939 1964 1060 2023 collatus
1084 1981 1153 2022 cum
1177 1960 1282 2020 Catulli
1309 1955 1436 2019 codice¹.

293 2053 372 2113 Nam
389 2055 493 2116 Isidori
513 2059 630 2118 codices
652 2059 760 2120 habent
779 2064 833 2133 cui,
850 2064 952 2120 arsita:
972 2062 1175 2137 Pastrengicus
1197 2058 1260 2130 Qui,
1278 2058 1385 2123 arida:
1407 2066 1438 2115 et
1547 2122 1550 2130 ι

292 2154 377 2213 arsita
391 2155 510 2232 quidem
525 2158 618 2233 potuit
635 2177 671 2217 ex
686 2159 788 2219 Seruio
807 2161 870 2237 ipse
888 2162 1029 2232 mutuari3
1052 2160 1145 2237 potuit
1163 2159 1251 2218 etiam
1269 2176 1307 2216 ex
1325 2156 1437 2227 codice,

561 2264 576 2293 a

293 2302 355 2362 siue
370 2304 477 2382 scripto
490 2306 571 2363 arsita
585 2307 646 2366 siue
659 2309 750 2371 arsita.
783 2309 831 2368 Sic
846 2310 925 2368 enim
938 2310 1078 2385 scripturn
1091 2318 1136 2367 est
1149 2307 1179 2366 in
1193 2306 1311 2365 Datano
1325 2304 1436 2374 codice,

293 2401 317 2459 si
333 2400 491 2462 Froehnen'
506 2405 657 2480 specimini
670 2406 743 2466 fides
757 2419 802 2466 est
810 2426 819 2481 ;
841 2408 918 2467 idem
933 2418 1030 2467 autem
1044 2406 1139 2467 codex
1152 2405 1241 2464 habet
1257 2402 1320 2474 Qui,
1327 2404 1436 2478 punice,

293 2500 374 2575 quod
389 2510 532 2578 utrunque
545 2502 649 2578 legitur
662 2506 741 2581 apud
756 2504 977 2583 Pastrengicum
989 2506 1044 2564 nisi
1058 2504 1139 2581 quod
1154 2504 1200 2562 hic
1215 2501 1302 2560 habet
1310 2502 1435 2575 prosuae.

294 2596 397 2674 Itaque
412 2598 515 2658 Catulli
535 2602 668 2660 codicem
685 2604 798 2661 uiderat
812 2622 903 2681 qpum
919 2604 992 2662 haec
1011 2604 1155 2662 scriberet.
1199 2600 1318 2676 Scripsit
1338 2608 1437 2657 autem

294 2707 371 2756 certe
393 2716 454 2757 non
476 2710 544 2758 ante
564 2700 801 2778 annum1329²z
823 2722 883 2781 quo
898 2722 978 2763 anno
994 2704 1131 2763 Albertus
1150 2712 1179 2761 et
1197 2700 1342 2759 Mastinus
1361 2698 1437 2758 della

296 2794 382 2854 Scala
395 2807 518 2873 nepotes
529 2796 618 2857 Canis
630 2799 765 2871 Grandis
773 2801 912 2861 Veronae
921 2802 1115 2878 principatum
1125 2800 1202 2859 nacti
1213 2808 1296 2871 sunt;
1314 2797 1437 2856 fortasse

294 2912 356 2953 non
377 2905 444 2953 ante
466 2892 566 2971 135r³.
609 2896 689 2956 Tum
705 2900 783 2957 enim
798 2899 944 2959 Mastinus
962 2911 1094 2959 mortuus
1108 2908 1160 2969 est,
1180 2908 1252 2957 teste
1271 2896 1436 2973 Pagliarino

293 2992 325 3051 in
339 2992 500 3053 Armalibus
515 2994 676 3056 Vicentinis
684 3015 692 3069 ;
716 3000 855 3058 successit
869 2999 943 3058 filius
957 3000 1019 3058 eius
1034 2998 1124 3058 Canis
1138 2996 1265 3057 Grandis
1279 2996 1318 3054 II.

337 3090 395 3150 Sed
417 3102 446 3150 et
466 3091 608 3165 Petrarca,
623 3096 751 3171 aequalis
770 3096 956 3173 Pastrengici‚
976 3097 1122 3157 Catullum
1143 3105 1244 3154 norat:
1266 3112 1335 3153 nam
1355 3105 1385 3152 et
1405 3093 1436 3153 in

296 3188 460 3267 Triumpho
471 3190 588 3251 Amoris
599 3192 651 3251 IV.
668 3213 702 3270 19
715 3194 861 3255 Catullum
872 3196 1022 3255 Tibullum
1035 3196 1218 3273 Propertium
1232 3212 1292 3253 una
1306 3211 1437 3253 comme-

295 3289 399 3361 morat}
414 3299 442 3347 et
455 3288 485 3347 in
501 3288 644 3350 Senilibus
658 3292 710 3351 XI.
724 3311 741 3366 3
756 3294 829 3352 haec
844 3295 912 3353 dicit
925 3292 1002 3353 Solet
1010 3296 1090 3366 enim,
1104 3301 1137 3351 ut
1151 3292 1264 3353 Catulli
1277 3292 1437 3350 Veranarsr's

295 3386 377 3444 uerba
397 3393 471 3457 utar,
492 3406 565 3446 meas
585 3409 639 3447 esse
658 3391 768 3466 aliquid
783 3399 887 3467 putare
908 3388 1029 3468 nugas⁴‚·
1058 3402 1096 3463 et,
1118 3392 1199 3469 quod
1222 3392 1286 3467 ipsa
1307 3391 1438 3450 carmina

296 3503 364 3545 eum
392 3484 497 3562 legisse
525 3487 713 3561 demonstrat,
741 3508 859 3549 uersum
886 3491 970 3550 affert
996 3490 1192 3567 grammaticis
1219 3508 1281 3549 non
1308 3490 1436 3561 citatum,

329 3667 337 3697 ¹
354 3668 430 3716 Etiam
441 3668 559 3717 Tibullum
570 3672 656 3735 legerat
666 3674 824 3738 Pastrengicus
836 3691 858 3736 p.
868 3674 915 3723 881³
930 3675 1004 3723 Osiris
1013 3674 1179 3739 Aegyptiorum
1190 3674 1246 3722 deus
1255 3683 1339 3721 aratra
1346 3674 1437 3735 prims

296 3752 362 3812 apud
378 3752 504 3815 Aegyptios
518 3754 583 3813 fecit,
602 3764 689 3802 terram
704 3756 773 3817 ferro
792 3756 930 3813 mllieitauit,
949 3767 972 3805 et
989 3758 1106 3819 inexperta
1125 3756 1211 3805 unum
1230 3756 1347 3811 mennaei,
1364 3766 1438 3818 pom

295 3832 410 3898 abignotis
426 3834 483 3898 legit
498 3836 625 3894 arboribus,
639 3838 701 3898 palis
717 3838 786 3886 uitnn
802 3840 916 3896 adiuuit,
931 3839 1071 3903 umdemque
1086 3854 1176 3887 mmam
1192 3840 1253 3886 dura
1262 3838 1330 3900 falae
1344 3840 1438 3887 cudere

296 3918 373 3967 docuit
383 3928 404 3966 et
414 3934 442 3967 en
454 3928 546 3966 nsatrera
558 3936 606 3967 uua
617 3936 697 3969 suauis
708 3921 806 3984 libuores
817 3924 930 3985 camede
964 3923 1001 3971 Ci.
1013 3924 1067 3971 Tib.
1079 3924 1098 3970 l.
1112 3931 1133 3985 7.
1147 3919 1235 3985 ²9-36·

329 4000 340 4029 ⁸
358 4014 420 4067 1329
432 4002 558 4066 significare
568 4004 658 4051 uidetur
669 4006 810 4068 epigramma
822 4005 959 4053 Gratidiadii
971 4005 1076 4053 Grimani
1093 4006 1197 4052 ‘Annua
1208 4014 1262 4051 tunc
1272 4004 1343 4066 lapsis
1353 4020 1437 4053 mano-

296 4091 303 4112 ·
315 4085 384 4133 rabat
394 4085 457 4132 mille
466 4094 573 4132 namtas
587 4085 699 4146 Tempora
711 4087 780 4150 uirgo
787 4096 873 4149 parens
884 4098 919 4135 ter
928 4089 976 4135 tria
987 4088 1062 4151 bisque
1072 4086 1163 4135 decem!
1196 4088 1315 4150 Pagliarin
1327 4103 1349 4148 p.
1361 4100 1416 4150 104.

329 4166 339 4194 ³
355 4167 502 4231 Epigramma
519 4169 579 4228 apud
596 4169 748 4231 Pagliarinum
766 4186 789 4231 p.
801 4182 848 4231 114
859 4170 960 4217 Occubui
972 4171 1051 4231 primo
1063 4178 1115 4231 post
1127 4184 1199 4216 aanor
1210 4170 1272 4217 atille
1282 4180 1389 4218 anastas
1399 4172 1438 4220 Aa

296 4250 367 4298 &cies
378 4251 481 4312 quinque.
492 4249 535 4297 lun
546 4250 594 4297 ibat
604 4251 671 4298 tertia
682 4250 746 4298 lulli.

330 4332 340 4359 ⁴
356 4334 408 4380 Hoc
427 4348 456 4380 ex
474 4333 531 4379 Plini
551 4334 582 4380 il.
595 4333 626 4379 N.
643 4333 717 4381 Praei.
734 4338 746 4392 5
762 4346 773 4381 1
795 4335 869 4394 potuit
889 4349 992 4388 sumeret
1011 4336 1051 4382 sed
1067 4350 1114 4382 non
1132 4336 1201 4383 credo
1218 4335 1346 4398 sumpsisse.
1364 4352 1438 4398 quum

296 4416 381 4464 Plinius
392 4425 482 4463 mutato
494 4417 573 4464 ordine
584 4418 706 4465 uerborum
719 4418 779 4465 dieat
792 4424 886 4479 ‘putare
898 4434 946 4467 esse
958 4420 1042 4480 aliquid
1053 4434 1115 4467 mess
1126 4420 1213 4483 nugas!
