3142 5059
771 365 984 426 Excvnsvs

673 658 887 722 Excvnsvs
907 661 946 722 ad
963 661 1020 721 111.
1035 663 1079 720 1⁶.

344 799 393 860 Ad
414 799 486 861 haec
507 801 544 860 de
566 799 686 862 Passere
706 801 837 862 caunina
855 811 985 878 spectare
1005 799 1120 861 uidetur
1139 799 1322 876 epigramma
1334 797 1454 874 Aginni

303 900 383 958 iuxta
403 897 566 978 Augustam
588 899 763 960 Ausciorum
787 898 818 958 in
838 898 994 978 Aquitanis
1016 897 1116 976 (Agen
1139 895 1159 958 i
1180 896 1277 972 Auch)
1298 907 1454 974 repertum

302 1000 484 1075 ann01865.
526 997 707 1078 Insculptum
725 1007 769 1059 est
785 1015 966 1057 marmoreae
984 995 1097 1056 tabulae
1113 996 1202 1056 literis
1216 1014 1292 1073 quae
1305 1006 1338 1054 ut
1352 993 1455 1054 leoni

304 1093 440 1156 Renierio
467 1095 601 1157 uidentur
626 1095 767 1172 (Hermes
788 1093 812 1156 1.
829 1097 882 1169 68)
907 1094 1056 1156 meculum
1080 1105 1148 1172 post
1171 1092 1321 1154 Christum
1345 1105 1455 1154 natum

304 1194 465 1254 secundum
479 1203 627 1256 testantur.

546 1317 645 1390 Quam
659 1316 752 1378 dulos
766 1317 819 1378 mit
832 1319 895 1390 isra
909 1335 998 1396 quam
1011 1317 1147 1394 benigm,

546 1414 632 1489 Quae
645 1433 713 1476 curn
727 1417 838 1476 uiueret
850 1417 881 1476 in
894 1417 960 1476 sinu
972 1415 1086 1476 iacebat

547 1511 650 1574 Somni
664 1515 782 1574 conscia
795 1531 911 1592 semper
924 1523 954 1574 et
967 1513 1076 1574 cubilis

546 1610 575 1671 Ο
589 1611 696 1672 lectum
711 1611 796 1684 male,
811 1611 902 1690 Myia,
915 1611 997 1690 qrrod
1009 1611 1115 1690 peristi

486 1725 504 1786 5
547 1709 680 1772 Latrares
693 1711 785 1771 modo
799 1711 823 1770 si
836 1710 903 1790 quis
915 1710 1073 1770 adcubaret

546 1808 657 1868 Riualis
671 1807 809 1870 dominae
821 1808 979 1868 licentiosa

545 1906 575 1968 Ο
588 1906 696 1968 sactum
711 1907 797 1979 male,
811 1905 901 1984 Myia,
914 1906 996 1984 quod
1008 1906 1115 1984 peristi.

545 2003 646 2064 Altum
659 2005 718 2064 ism
731 2015 812 2066 tenet
824 2005 947 2064 insciam
959 2004 1124 2082 seprdcrum

547 2101 611 2164 Nec
625 2105 718 2163 seuire
732 2114 819 2180 potes
831 2121 887 2164 nec
900 2103 1007 2164 insilire

469 2218 506 2260 ιο
548 2199 612 2262 Nec
625 2199 740 2262 blandis
753 2201 826 2262 mihi
838 2201 983 2264 morsibus
996 2199 1121 2260 renides

303 2331 490 2410 Epitaphium
514 2341 558 2393 est
581 2333 663 2392 canis
687 2351 777 2410 qnam
805 2334 868 2394 sine
890 2333 929 2392 de
951 2331 1051 2393 colore
1078 2331 1142 2392 sine
1167 2338 1288 2408 propter
1309 2329 1392 2390 lusus
1419 2339 1452 2390 et

303 2431 461 2508 nequitiam
486 2430 598 2509 Myiam
624 2434 781 2506 (muscam)
807 2433 961 2492 uocabant
1012 2430 1085 2490 Eius
1108 2429 1240 2507 quisquis
1265 2439 1369 2489 auctor
1395 2429 1453 2490 fuit

304 2529 450 2592 Catullum
475 2529 601 2591 imitatus
625 2540 678 2590 est
719 2529 799 2590 Nam
822 2529 862 2590 ad
883 2529 958 2606 113
977 2528 1122 2604 Quicum
1146 2526 1264 2588 ludere
1287 2545 1388 2604 quem
1413 2530 1451 2588 in

303 2629 383 2688 sinu
410 2639 526 2688 tenere
553 2629 677 2706 pertinet
703 2647 731 2689 u
753 2647 789 2702 r;
820 2629 859 2689 sd
881 2627 991 2690 111.1⁶
1014 2644 1118 2688 uersus
1142 2638 1222 2700 4,7;
1253 2626 1291 2685 ad
1315 2625 1455 2702 LV11.9

305 2724 445 2786 Riuales
469 2727 579 2787 sociei
602 2727 830 2804 puellularum
853 2744 882 2787 n
902 2728 930 2786 6.
970 2725 1055 2786 Idem
1079 2725 1202 2786 sortasse
1225 2725 1354 2801 respexit
1375 2723 1453 2802 Epi·

303 2841 436 2902 pamma
457 2824 597 2886 Martialis
610 2825 634 2885 1.
650 2845 708 2886 rro
724 2824 806 2905 quod
823 2837 853 2887 et
870 2827 968 2904 ipsum
985 2834 1030 2885 est
1047 2825 1086 2884 de
1103 2825 1215 2884 catella
1254 2823 1454 2901 Disputarnnt

304 2921 342 2984 de
356 2919 437 2999 Myia
450 2921 575 2995 Bauius,
590 2923 772 2998 Bischoffinn,
788 2921 967 2985 Conturius¹.
1008 2923 1090 2983 Inter
1107 2939 1183 3000 qnos
1203 2921 1274 2981 illud
1290 2921 1453 2999 ambigitur

304 3040 322 3082 a
346 3021 467 3080 domina
490 3021 609 3081 catellae
633 3023 772 3100 scripturn
796 3021 882 3082 suerit
904 3039 943 3080 an
967 3022 1006 3081 ab
1028 3030 1159 3081 amatore
1183 3020 1328 3080 dominae.
1370 3020 1453 3081 iilud

304 3119 461 3182 Bischoffio
479 3129 509 3180 et
522 3118 664 3180 Couturio
684 3121 808 3199 placuit3
828 3137 900 3180 nam
918 3121 1030 3179 sinum
1048 3137 1111 3178 non
1128 3135 1218 3196 posse
1233 3117 1307 3178 alius
1320 3118 1454 3196 intellegi

305 3239 394 3300 quam
408 3221 470 3281 eius
484 3221 533 3300 qui
547 3221 578 3280 in
591 3220 694 3281 ultimo
706 3239 794 3282 uersu
807 3221 912 3281 dicitur
924 3219 1025 3279 milri:
1045 3219 1125 3279 idem
1138 3219 1226 3279 etiam
1242 3219 1274 3277 in
1291 3237 1320 3278 ιι.
1336 3233 1355 3293 5
1374 3237 1451 3279 oon·

304 3321 412 3392 uenire,
426 3339 516 3399 quem
534 3321 576 3381 sic
593 3321 796 3398 interpretatur
808 3319 982 3380 Bischoffius
995 3317 1064 3378 ‘Tu
1084 3318 1227 3378 aboierais
1246 3335 1285 3377 au
1304 3317 1402 3378 moins
1424 3319 1450 3378 si

304 3418 401 3480 ‘dans
414 3437 487 3480 mon
500 3419 532 3480 iit
545 3437 585 3478 on
599 3420 677 3478 auait
690 3419 749 3496 pris
762 3428 794 3478 ta
806 3418 908 3495 place!
948 3415 1023 3477 Mihi
1042 3416 1162 3477 aiteram
1179 3416 1449 3492 interpretationem

304 3529 333 3580 et
347 3518 473 3596 primum
486 3517 593 3594 legenti
607 3517 750 3595 placuisse
769 3526 799 3577 et
816 3535 895 3577 nunc
908 3517 1024 3594 placere
1037 3517 1188 3576 confiteor.
1229 3514 1308 3574 Nam
1323 3517 1372 3589 (ι)
1385 3516 1411 3576 si
1430 3534 1451 3575 a

304 3617 424 3677 domina
437 3617 576 3693 scriptum
590 3615 698 3688 iniisset,
713 3615 809 3693 primo
821 3633 909 3676 uersu
926 3625 1014 3676 staret
1031 3615 1100 3686 illa,
1113 3631 1175 3674 non
1194 3615 1269 3685 ista,
1282 3613 1365 3691 qnod
1377 3631 1450 3691 pro·

304 3729 413 3773 nomen
434 3714 510 3774 male
528 3715 565 3775 de
585 3733 620 3774 ea
639 3715 782 3776 diceretur
802 3733 879 3792 quae
899 3713 1047 3792 scriptoris
1066 3721 1152 3783 esset,
1167 3729 1235 3771 cum
1254 3711 1356 3771 nescio
1375 3711 1450 3788 qnid

304 3811 389 3870 alieni
403 3829 437 3869 ac
451 3813 554 3871 remoti
568 3813 661 3890 sapiat
676 3823 705 3872 et
719 3813 803 3890 quasi
815 3812 908 3872 oculis
924 3820 1120 3889 repraesentet
1140 3819 1258 3887 poetam
1275 3809 1314 3869 de
1331 3819 1449 3868 mortua

305 3907 387 3984 Myia
399 3909 460 3969 siue
474 3927 542 3970 cum
556 3929 605 3970 era
618 3913 680 3972 eius
694 3911 863 3989 loquentem
877 3910 940 3971 siue
949 3911 1030 3989 quod
1040 3911 1137 3988 potius
1148 3909 1245 3969 iudico
1257 3908 1446 3969 meditantem

304 4007 426 4067 sortasse
441 4007 470 4066 in
484 4019 644 4085 conspectu
658 4009 791 4086 sepulcri.
833 4009 903 4069 ‘En
923 4009 1064 4087 prdsence
1081 4009 1123 4069 dn
1141 4009 1281 4068 tombean
1298 4007 1350 4084 qui
1369 4007 1448 4066 allnit

305 4113 313 4138 ⁸
328 4106 456 4166 receuoir
469 4125 517 4166 ses
531 4118 621 4168 restes
634 4109 654 4166 il
668 4127 700 4168 se
714 4109 855 4186 rappelait
867 4108 1139 4168 inuolontairement
1153 4107 1197 4167 les
1213 4125 1317 4166 scenes
1331 4106 1449 4165 intimes

306 4215 356 4266 ‘et
377 4206 559 4266 charmantes
583 4207 751 4285 aunquelles
775 4207 830 4268 elle
851 4208 928 4268 auait
951 4205 997 4266 dte
1022 4215 1085 4267 tant
1106 4207 1145 4266 de
1168 4206 1224 4265 sois
1244 4203 1345 4265 rnelee.
1389 4204 1449 4265 Ces

337 4374 346 4405 ¹
358 4377 446 4426 Barrius
457 4379 480 4426 in
491 4377 638 4439 Bphcnreride
647 4377 753 4425 Romana
762 4377 876 4425 Boliaeino
886 4377 912 4425 di
920 4377 1128 4442 Οοπαρωῶιιω,
1140 4373 1275 4426 Βίιὼοίῖἰιιι
1286 4384 1310 4423 et
1321 4375 1446 4424 Conturius

305 4461 439 4508 incensum
451 4461 539 4509 Gallica
552 4462 643 4523 (Rem
653 4461 681 4509 dr
693 4461 813 4524 Gnuogru
824 4461 864 4510 vl.
877 4456 945 4525 596).
