3142 5059
776 390 1000 457 CATVLLI

810 654 972 721 LXXXV.

398 786 468 850 Om
491 796 525 851 et
547 804 641 851 amo:
669 804 767 870 quare
791 786 824 850 id
846 786 978 872 faciam,
999 786 1135 853 fortasse
1158 788 1303 873 requiris.

442 898 581 983 Nescio,
602 896 658 961 sed
680 897 750 961 lieri
773 899 884 961 senti0
906 908 939 963 et
962 899 1136 963 excrucior.

799 1138 979 1206 LXXXVI.

397 1270 550 1357 erm
573 1270 714 1335 formosa
735 1280 786 1334 est
808 1272 931 1356 multis,
954 1271 1034 1333 mihi
1058 1270 1207 1356 candida,
1230 1270 1340 1356 longa,

441 1382 548 1445 Recta
570 1390 640 1445 est:
670 1383 749 1446 haec
770 1400 831 1467 ego
853 1384 902 1447 sic
924 1382 1051 1467 singula
1072 1382 1237 1447 confiteor.

399 1494 522 1557 Totum
546 1493 627 1557 illud
649 1494 790 1557 formosa
810 1514 913 1578 nego:
943 1514 1020 1558 nam
1042 1494 1131 1557 nulla
1152 1502 1317 1578 uenustas,

442 1605 547 1668 Nulla
568 1606 605 1669 in
627 1615 696 1669 tarn
718 1625 837 1689 magno
860 1614 910 1669 est
933 1626 1063 1691 corpore
1086 1608 1172 1669 mica
1193 1606 1280 1670 salis.

399 1716 517 1781 Lesbia
537 1718 679 1781 formosa
700 1727 762 1802 est,
784 1738 866 1802 quae
888 1736 962 1782 cum
985 1717 1198 1803 pulcherrirna
1217 1725 1290 1781 tota
1311 1726 1374 1802 est,
1455 1746 1469 1795 5
1533 1718 1534 1721 ’

396 1804 400 1812 ’
436 1829 529 1915 ,Turn
551 1830 702 1893 omnibus
723 1850 788 1892 una
809 1848 923 1893 omnes
945 1831 1096 1915 surripuit
1121 1826 1272 1892 Veneres.

791 2068 988 2136 LXXXVII.

399 2198 524 2261 NvLLA
546 2207 654 2282 potest
676 2199 793 2262 mulier
815 2209 943 2263 tantum
965 2218 1000 2261 se
1022 2198 1129 2260 dicere
1151 2206 1294 2260 amatam

443 2310 539 2397 Vere,
561 2322 718 2395 quantum
738 2332 759 2377 a
782 2332 835 2375 me
858 2312 977 2375 Lesbia
999 2322 1108 2375 amata
1130 2330 1202 2374 mea
1224 2332 1268 2375 er.

348 2520 518 2576 LXXXVI.
531 2542 557 2587 4.
588 2524 704 2593 Qrimil.
725 2523 792 2577 Inst.
811 2523 888 2577 Orat.
901 2523 952 2577 VI.
967 2540 991 2588 3.
1007 2528 1048 2577 ιε.
1091 2522 1195 2574 Salsum
1217 2520 1245 2574 In
1266 2523 1469 2577 consuetudine

312 2608 364 2661 pro
385 2592 500 2645 ridiculo
521 2600 629 2647 tantum
650 2595 815 2662 accipImus:
844 2600 941 2647 natura
961 2610 1017 2647 non
1038 2594 1133 2661 nilque
1158 2592 1213 2646 hoc
1236 2599 1287 2657 eet,
1309 2609 1468 2663 quanquam

314 2669 343 2715 et
355 2662 468 2716 ridicula
484 2672 611 2732 oporteat
625 2682 685 2719 esse
701 2666 777 2719 salsa.
814 2664 886 2718 Nam
903 2671 932 2719 et
949 2666 1049 2718 Cicero
1065 2680 1148 2717 omne
1165 2662 1239 2732 quod
1256 2663 1357 2716 salsum
1375 2665 1414 2717 sit
1431 2667 1468 2719 ait

312 2749 373 2785 esee
391 2734 556 2801 Atticorum,
572 2752 628 2789 non
647 2738 711 2805 quia
731 2743 795 2790 sunt
814 2737 932 2789 maxime
952 2736 986 2789 ad
1007 2736 1092 2788 risum
1112 2734 1270 2803 compositi:
1296 2741 1325 2788 et
1342 2735 1468 2788 Catullus

313 2818 378 2856 curn
395 2804 462 2858 dicit
474 2804 573 2928 ‘glulla
588 2812 631 2860 est
648 2808 676 2860 in
690 2822 808 2877 corpore
822 2808 894 2861 mica
910 2807 979 2861 salis'
992 2822 1048 2860 non
1066 2806 1119 2859 hoc
1136 2805 1204 2859 dicit
1220 2805 1287 2858 nihil
1305 2805 1333 2859 in
1349 2822 1468 2876 corpore

313 2874 372 2927 eius
384 2890 444 2927 esee
459 2878 483 2929 ri
504 2877 614 2931 iculum.

815 3033 968 3087 LXXXV.

348 3122 412 3174 Cum
425 3141 446 3174 c.
460 3121 615 3175 LXXXIV
620 3124 767 3175 continuant
779 3122 880 3175 codices.

351 3226 375 3263 1.
411 3224 473 3262 ama
486 3208 541 3263 La²
610 3208 732 3277 nequitis
745 3209 777 3264 0.

350 3298 376 3335 2.
411 3280 433 3333 si
445 3280 488 3334 Ob
557 3281 687 3334 senci00
757 3281 891 3334 censeod
959 3278 1099 3332 exemtior
1112 3278 1223 3333 Hlbad.

804 3392 975 3447 LXXXVI.

348 3482 412 3537 Cum
424 3503 446 3537 c.
459 3485 613 3537 LXXXVI
620 3486 766 3538 continuant
778 3484 869 3536 codices
882 3502 964 3535 omnes
976 3483 1076 3535 sinceri.

352 3589 375 3624 1.
412 3572 565 3638 QuinciaO
635 3571 810 3625 estformosa
822 3576 864 3623 est
877 3571 915 3623 D.

350 3658 374 3695 ο.
410 3641 464 3695 hoc
477 3643 501 3695 0
513 3643 627 3712 Scaliger
637 3644 832 3712 interpunctione
837 3652 897 3713 post
909 3656 961 3707 ego
967 3642 1053 3710 posita
1161 3638 1229 3692 haec
1241 3648 1302 3691 ante
1313 3654 1367 3705 ego
1379 3658 1430 3693 om.
1441 3642 1465 3693 in

310 3710 362 3765 loco
373 3712 728 3785 suo‚l›aberlnma13.am.
740 3714 826 3767 rec.C
927 3712 995 3765 haec
1008 3717 1051 3765 est
1062 3709 1162 3763 haecd
1264 3708 1465 3779 haecetegoc

312 3783 377 3836 sill
444 3784 483 3837 sic
499 3804 579 3839 ma
649 3785 763 3852 singulla
776 3786 809 3839 G.

349 3873 376 3917 4.
412 3851 540 3908 Nullane
553 3863 610 3909 tam
623 3858 653 3909 H
720 3870 837 3923 corpore
850 3860 892 3907 est
906 3855 938 3907 L.

348 3926 374 3977 6.
410 3924 500 3977 Tull
566 3928 664 3980 unasb
733 3926 869 3994 subrIpuit
882 3925 974 3979 DOVlr
1044 3922 1158 3991 arripuit
1171 3922 1223 3975 AL
1293 3928 1394 3975 uentus
1407 3924 1443 3977 Η.

795 4045 982 4101 LXXXVII.

349 4136 413 4189 Cum
431 4155 453 4189 c.
466 4136 633 4189 LXXXVII
647 4137 794 4190 continuant
812 4136 902 4189 codices
916 4145 1023 4204 praeter
1038 4135 1067 4186 D
1083 4132 1126 4186 uhi
1143 4142 1269 4186 corrector
1285 4133 1465 4203 srqrascritsil

313 4206 359 4261 De
372 4206 486 4274 Eadem,
498 4218 523 4259 er
533 4208 553 4261 d
562 4210 605 4277 qui
616 4207 692 4261 habet
710 4207 755 4260 De
769 4208 874 4261 Amore
892 4206 930 4261 Et
943 4205 1012 4259 Fide
1033 4205 1067 4258 In
1079 4203 1217 4258 Lesbiam.

352 4310 375 4346 r.
412 4292 493 4347 Nulla
504 4310 576 4362 pone
590 4294 623 4347 G.

351 4382 375 4419 2.
411 4365 738 4435 VeretHetBam.pr.
808 4378 882 4417 ame
894 4364 1116 4432 om.Dam.pr.
1185 4360 1353 4415 meaom.H
1422 4366 1462 4415 est

311 4436 381 4489 codd.
393 4456 476 4489 omnes
489 4436 657 4489 Froehlichius
747 4450 777 4488 es
790 4434 903 4504 Scaliger
914 4433 989 4503 uulgo
1000 4444 1025 4485 el
1037 4433 1146 4487 Lachm.
1239 4430 1324 4485 mea’s
1335 4429 1462 4502 Hanptt'us

314 4506 375 4559 Vide
388 4509 583 4562 Lachmanmmr
594 4508 632 4561 ad
643 4508 744 4561 Lucrel.
754 4518 785 4576 p.
798 4509 842 4559 66.
