3142 5059
557 401 615 462 AD
642 401 799 464 XXXVII.
817 421 861 462 10.
1218 401 1277 462 325

136 583 175 644 cf.
194 583 378 646 Athenaeum
401 585 431 644 in
454 603 522 662 313,
543 605 598 662 3²1
619 586 685 646 'iibri
706 586 767 646 VII
781 587 839 664 *qui
858 594 1002 648 totus-est
1022 586 1061 646 de
1080 586 1209 662 piscibus
1226 585 1280 662 qui

136 684 338 744 comeduntur.
393 683 507 744 Eodem
531 685 622 744 modo
643 685 768 762 mugiles
792 686 823 744 in
846 685 1042 745 adulterorum
1063 703 1140 761 pena
1159 685 1281 745 usitatos

136 781 226 842 tuisse
240 801 277 842 ex
290 782 429 843 quenale
442 793 546 846 notum
560 783 597 844 X.
608 799 664 860 317
680 785 811 861 quosdam
824 784 942 843 malros
955 791 981 841 et
991 784 1105 860 mugitu
1119 786 1216 855 thiras,
1230 783 1281 842 ubi

137 879 301 941 Scholiasta
313 880 440 958 Mugilis
450 883 539 958 prieti·
551 883 663 960 grandi
674 885 766 958 capric,
776 889 930 958 porimens
943 882 1039 952 exz'lis,
1052 883 1105 956 qui
1115 884 1146 940 in
1159 882 1280 958 podicem

135 979 305 1040 moechorum
318 981 510 1056 depressorum
523 981 623 1042 solebat
635 983 754 1078 rhtmr'flt',
768 981 805 1042 cf.
820 979 885 1041 Cat
899 979 967 1040 XV.
980 983 1026 1050 18,
1040 999 1077 1054 19

315 1129 427 1202 Quem
449 1131 610 1191 attractis
630 1131 781 1209 pedibus
801 1142 946 1210 patente
966 1141 1070 1206 porta

315 1228 526 1289 Percurrent
545 1231 764 1309 raphanique
784 1229 1006 1309 mugilesque

138 1390 279 1468 Scorpius
298 1390 345 1449 uel
367 1389 490 1467 Scorpio
512 1390 599 1466 piscis
620 1391 763 1450 inuenitur
783 1391 871 1450 etiam
890 1391 969 1468 apud
991 1388 1130 1451 Ouidium
1152 1387 1280 1448 Halieut.

142 1493 200 1548 116
225 1487 268 1547 Et
288 1490 386 1565 copthi
409 1488 482 1546 duro
504 1491 647 1548 nocrirous
673 1487 807 1564 Scorpriar
831 1491 894 1561 r'ctu,
917 1489 990 1548 Plin
1011 1489 1051 1548 H.
1071 1489 1110 1549 N.
1130 1488 1197 1546 XX.
1215 1504 1282 1563 150,

137 1586 268 1647 XXXII.
290 1606 339 1660 44,
361 1589 409 1662 67,
432 1601 479 1661 70,
503 1607 550 1663 94,
571 1591 961 1663 102,127,128,150,151
986 1589 1037 1646 ubi
1063 1605 1134 1647 usus
1161 1588 1224 1646 eius
1251 1587 1282 1645 in

137 1685 285 1746 medicina
305 1687 446 1758 dicuntum,
465 1687 587 1746 fortasse
606 1687 693 1745 etiam
711 1685 856 1746 Catonem
870 1686 907 1744 R.
919 1687 956 1745 R.
974 1690 1031 1762 158
1045 1705 1073 1744 oo
1090 1687 1183 1744 addito
1201 1685 1284 1744 bros·

136 1790 211 1846 sicae
223 1785 347 1845 coliculos
360 1784 404 1844 II
413 1831 420 1846 .
436 1829 443 1844 .
459 1829 466 1845 .
482 1829 488 1844 .
504 1787 671 1844 munierum
684 1786 721 1845 L.
741 1805 786 1859 11,
799 1789 902 1862 piscem
914 1789 1061 1862 captionem
1077 1792 1102 1845 et
1117 1788 1283 1861 scorpionem

137 1883 168 1956 I,
181 1885 300 1943 cochleas
322 1883 367 1942 VI
374 1892 401 1943 ct
412 1887 491 1944 lentii
499 1885 648 1961 pagorum.
677 1883 734 1944 His
748 1885 862 1945 indiciis
875 1885 965 1944 fretus
978 1885 1158 1944 credideram
1171 1886 1283 1961 piscem

135 1983 326 2059 scorpionem
349 1994 378 2043 et
401 2003 421 2043 a
440 1983 561 2044 Platone
581 1994 609 2042 et
630 2001 648 2042 a
668 1983 784 2044 Catullo
804 1984 969 2060 significari,
990 1984 1082 2042 etsie
1102 1983 1140 2042 de
1161 1983 1283 2042 Platone

138 2079 303 2140 iudieamnt
319 2081 467 2142 Gesnerus
484 2083 514 2141 in
528 2081 654 2160 Aquatil.
669 2099 692 2141 s.
707 2099 735 2141 u.
751 2081 883 2158 Scorpio,
899 2079 1190 2157 Schweighaeusems
1202 2081 1283 2157 apud

138 2179 333 2252 Athenaeum,
357 2180 482 2240 Vossius
509 2181 547 2240 ad
571 2180 634 2240 Cat.
655 2180 721 2240 XV.
740 2201 785 2256 19.
829 2180 888 2240 Sed
915 2180 1034 2240 obstant
1060 2178 1141 2240 haec.
1192 2179 1283 2257 Apud

139 2279 326 2338 Athenaeum
348 2279 390 2339 sic
413 2279 516 2355 legitur
534 2277 587 2337 VI.
604 2281 670 2352 246.
699 2279 887 2352 Ἀριστόδημος
908 2281 1009 2352 ἱστορεῖ
1032 2280 1110 2334 Biduo
1132 2279 1179 2334 τὸν
1201 2288 1284 2333 Λυσι-

138 2377 226 2446 μάχου
241 2380 288 2432 τοῦ
304 2377 438 2443 βασίλεως
455 2377 600 2450 παράσιτον
612 2377 668 2432 κ’πκὶ
680 2377 760 2432 αὐτοῦ
776 2377 812 2433 eis
826 2378 857 2432 τὸ
871 2377 970 2446 ἱμάτιον
984 2378 999 2430 d
1012 2377 1162 2449 Λυσίμαχος
1176 2376 1284 2442 κ’νὲβολκ

138 2475 245 2544 evermu
258 2474 384 2547 σκορπίον
400 2475 587 2547 ἐκταραχθέντα
604 2475 772 2545 άυοοηδῆσσι.
814 2473 859 2532 Ib.
873 2471 955 2530 XIV.
971 2475 1030 2545 614
1048 2474 1199 2548 Φιλογςλυς
1215 2473 1238 2529 δ’
1253 2473 1284 2544 ἢν

139 2573 183 2628 troi
199 2571 343 2646 Δημῆτριος
363 2575 378 2627 d
398 2573 583 2646 Πολιορκητὴς,
597 2574 632 2630 ὥς
652 2579 721 2642 φησι
738 2570 874 2644 Φύλαρχος
894 2573 922 2627 ἐν
941 2577 973 2642 τῇ
993 2571 1054 2642 ἕκτῃ
1074 2577 1126 2627 nir
1142 2571 1284 2646 Ἰοςοριάιν

139 2667 170 2725 οἵ
179 2691 211 2743 γε
224 2672 265 2726 rud
278 2671 325 2741 τὴν
339 2671 489 2742 Λυσιμάχου
502 2671 584 2741 οὐλὴν
597 2673 707 2741 κωμικῆς
719 2673 815 2741 σκηνῆς
827 2671 904 2726 οὐδὲν
916 2669 1049 2743 tonino
1062 2667 1160 2743 ἴλκγιν.
1190 2671 1284 2742 ἐξιέναι

137 2769 191 2842 γάρ
204 2767 249 2823 u’rr’
263 2768 341 2839 οὗν-ῆς
354 2771 450 2826 πάντας
464 2769 649 2834 δισυλλάβους,
663 2771 710 2824 τόν
723 2791 752 2824 rr
765 2770 845 2824 Bion
858 2770 990 2840 χλευάζων
1003 2769 1044 2824 imi
1056 2770 1103 2824 τὸν
1115 2771 1200 2842 Πάριν
1211 2769 1285 2842 ρκγά

134 2885 222 2924 'errove
238 2865 315 2924 ὄντος
335 2867 404 2939 πυρά
421 2869 458 2942 τᾷ
472 2868 614 2943 Λυσιμάχῳ
633 2867 674 2923 καί
691 2887 763 2924 τινος
780 2868 884 2939 drr‘poos
901 2872 953 2923 ςόν
970 2868 1067 2938 φίλων,
1079 2869 1150 2940 παρὰ
1169 2866 1192 2923 δ’
1206 2868 1285 2923 αὑτοῦ

138 2965 288 3022 Heudonos
306 2966 347 3020 troi
365 2965 512 3022 Μενελάους
529 2967 570 3020 ἔτι
587 2965 615 3020 dd
627 2964 805 3038 Ὀξυθέμιδος.
845 2969 931 3020 Ταῦτα
946 2963 970 3020 δ’
983 2963 1082 3020 άκοάιιν
1094 2967 1111 3019 d
1125 2966 1285 3038 Λυσίμαχος·

139 3065 194 3137 dy&
206 3061 304 3127 τοίνυν,
317 3064 378 3136 ἶφι,
391 3061 488 3135 πόρνην
505 3063 534 3118 ἐκ
551 3065 672 3136 spu-yrcis
692 3067 787 3134 σκηνῆς
805 3065 855 3134 onix
875 3063 974 3135 ι’όριικιι
993 3065 1122 3135 ἐξιοῦσιν·
1143 3064 1190 3134 τὴν
1203 3065 1284 3132 αὔλη-

139 3163 216 3235 rpido
229 3161 327 3231 Λοριίιν
339 3163 433 3234 λέγων.
474 3159 695 3235 Ἀπογγκλάίνσος
713 3162 742 3217 δὲ
760 3163 802 3217 καὶ
818 3159 911 3216 τούτου
924 3162 1004 3216 πάλιν
1017 3161 1158 3227 ὑπολαβὸν
1169 3162 1186 3214 d
1199 3161 1286 3232 Δημή-

139 3281 212 3334 τριος
224 3261 286 3332 ἔφη,
300 3257 374 3314 'nih'
388 3259 404 3330 ἦ
422 3258 482 3330 παρ’
496 3261 554 3328 tpot
566 3261 647 3330 πόρνη
661 3257 879 3332 σωφρονὲοτερον
896 3261 942 3328 τῆς
959 3257 1020 3329 παρ’
1033 3259 1120 3333 totve
1133 3262 1286 3329 Πηνιλάιιης

141 3362 181 3428 ζῇ.
223 3355 324 3432 Bithys
338 3355 473 3416 uidelicet
486 3372 553 3414 cum
568 3364 645 3413 esset
659 3373 695 3412 ex
712 3353 821 3413 intimis
834 3352 1001 3430 Lysimachi
1018 3363 1047 3412 et
1065 3364 1197 3430 stuprum
1215 3371 1284 3413 cunr

139 3457 205 3516 eius
225 3455 354 3514 adultera
373 3471 465 3514 uxore
487 3453 611 3525 fecisset,
632 3451 825 3530 Lysimachus
844 3451 872 3510 ei
895 3467 1004 3528 penam
1024 3469 1076 3528 per
1096 3452 1185 3528 lignei
1204 3470 1285 3511 scor·

140 3553 239 3632 pionis
265 3551 423 3626 imaginem
450 3551 598 3609 minitatus
625 3559 677 3608 est.
730 3547 876 3625 Ligneum
903 3550 982 3608 enim
1009 3549 1194 3625 scorpionem
1222 3567 1285 3609 non

141 3653 254 3730 piscem
268 3649 356 3709 fuisse
370 3659 399 3710 et
413 3669 450 3710 ex
463 3648 624 3727 prouerbiis
637 3657 757 3724 apparet
770 3645 937 3706 huiusmodi
952 3645 1071 3720 (Athen
1086 3646 1153 3706 XV.
1168 3649 1243 3724 695)

323 3801 388 3858 ‘rut
400 3801 475 3856 ndm
487 3802 554 3876 λίθῳ
568 3801 700 3874 σκορπίος,
714 3799 735 3856 ὅ
747 3799 830 3872 ’τοῖρ’,
844 3799 989 3858 ὑποδύεται

325 3901 424 3973 φράζευ
436 3898 472 3972 μῆ
486 3921 518 3954 σε
530 3902 611 3969 βᾶλρ·
633 3901 670 3974 τᾷ
684 3899 706 3954 δ’
720 3899 815 3973 άφιιυιῖ
827 3901 877 3956 nris
891 3899 978 3955 ἔσεται
990 3900 1076 3956 δόλος.

143 4073 233 4122 etex
257 4078 295 4121 eo
319 4061 399 4138 quod
428 4060 589 4138 scorpionis
616 4062 705 4139 piscis
731 4060 827 4122 forma
853 4061 892 4120 ab
914 4059 971 4120 aiio
995 4061 1074 4140 pisce
1097 4061 1147 4120 uir
1172 4071 1286 4139 poterat

144 4163 285 4243 dignosci,
306 4161 461 4239 scorpione
481 4179 581 4222 uerme
602 4161 673 4221 nihil
694 4163 792 4222 notius
812 4159 965 4222 tritiusue¹.
1005 4161 1092 4222 Adde
1111 4162 1192 4238 quod
1211 4162 1286 4220 inter

176 4366 184 4396 ¹
198 4367 327 4428 Scorpionis
337 4366 410 4431 figura
418 4366 489 4428 qualis
502 4367 525 4413 in
537 4367 630 4414 taberna
641 4375 732 4428 poterat
740 4381 754 4413 ιι
761 4365 853 4414 Catullo
864 4365 927 4428 pingi
940 4365 1054 4412 inuenitur
1064 4364 1123 4410 inter
1134 4371 1209 4412 cetero
1221 4363 1285 4428 sigua

145 4450 232 4499 zodiaci
245 4451 325 4511 clypeo
336 4449 446 4509 insculpta
459 4449 518 4510 apud
531 4448 621 4496 Fiorelli
635 4447 746 4497 ormo
756 4447 821 4511 degli
831 4448 903 4495 Scooi
913 4447 939 4495 di
948 4445 1045 4508 Pompei
1058 4443 1128 4500 1862.
1141 4461 1164 4507 p.
1173 4445 1213 4494 80.
