3142 5059
540 411 760 475 CARMEN
792 411 859 474 LV.

385 604 574 668 Demostres
596 606 649 667 ubi
672 608 739 668 sint
763 616 839 667 tuae
861 606 1024 668 tenebrae.

339 714 391 777 Te
413 734 528 798 campo
549 717 765 798 quaesiuimus
788 718 927 798 minore,

384 828 435 891 Te
459 832 494 891 in
517 830 615 912 circ0‚
637 838 670 891 te
694 830 729 891 in
752 829 903 891 omnibus
926 828 1055 891 libellis.

117 1002 250 1068 admissis,
263 1022 337 1056 uersu
353 1012 439 1057 autem
453 1022 468 1069 9
481 1004 520 1056 ita
536 1004 630 1072 scripto
646 1004 739 1055 Auens
758 1008 843 1070 teque
859 1000 975 1054 subinde
993 1001 1156 1069 flagitabam,
1173 1022 1276 1056 carmen

117 1075 156 1125 sic
169 1074 300 1127 ordinauit

504 1150 561 1175 aaa
766 1144 847 1178 etl-s

304 1202 361 1249 1-7‚
470 1191 608 1251 891011
722 1202 750 1236 η
769 1202 798 1250 13
817 1201 894 1249 1415
1007 1187 1090 1235 16-22

471 1260 520 1278 ι-
524 1260 607 1285 „„-..s
719 1258 897 1284 ss—-v—-e

120 1308 149 1347 ut
161 1298 188 1348 in
202 1300 355 1362 1-7,16-22
369 1300 493 1349 contracti
505 1298 635 1351 Phalaecii
641 1298 774 1367 praeirent
784 1299 899 1365 integris,
914 1302 928 1347 8
941 1306 1027 1348 autem
1038 1298 1090 1349 inte
1146 1298 1178 1348 iti
1189 1314 1275 1349 uersus

120 1370 148 1419 in
169 1367 232 1419 duas
267 1378 337 1420 artes
357 1368 535 1433 diuiderentur,
554 1388 664 1436 quarum
677 1370 754 1438 prior
771 1378 885 1419 externos
907 1386 993 1419 uersus
1007 1366 1048 1435 (8,
1064 1383 1092 1418 11
1127 1377 1275 1432 contractos,

120 1441 232 1491 internos
246 1380 287 1507 ἴς,
303 1437 350 1507 10)
361 1438 461 1505 solutos,
476 1441 601 1508 posterior
616 1450 731 1493 externos
746 1437 806 1508 (12,
821 1437 869 1508 15)
886 1437 987 1503 solutos,
1005 1439 1133 1490 interiores
1153 1436 1211 1507 (13,
1228 1437 1275 1507 14)

121 1518 264 1561 contractos
277 1510 388 1563 haberet.
851 1526 857 1535 ⁴

161 1580 327 1649 ll'estpbalius
340 1592 400 1649 post
417 1598 442 1633 u.
455 1598 484 1645 13
504 1580 624 1633 excidisse
641 1592 721 1633 censet
739 1598 839 1633 uersum
856 1580 998 1632 huimmodi
1015 1577 1123 1631 Necte
1141 1579 1276 1646 prendere

122 1665 207 1716 nunc,
226 1652 322 1717 amice,
343 1652 458 1719 possim3
477 1670 522 1719 quo
535 1652 612 1717 facto
631 1662 656 1703 et
674 1650 756 1703 uideo
770 1664 821 1720 pro
842 1651 897 1703 uidi
915 1651 1009 1719 scripto
1025 1651 1053 1703 in
1070 1668 1095 1702 u.
1108 1655 1123 1701 8
1135 1661 1185 1719 per
1196 1661 1276 1703 totum

122 1740 228 1773 carmen
244 1732 310 1773 recto
326 1724 412 1775 ordine
427 1742 454 1774 se
469 1724 596 1791 excipiunt
612 1724 735 1775 contracti
746 1722 865 1789 solutique
876 1720 1012 1790 phalaecii,
1024 1722 1175 1789 interpositis
1191 1732 1277 1774 tamen

121 1812 169 1844 sex
180 1792 268 1844 solutis
281 1790 400 1861 (24·29)
413 1792 499 1861 quibus
517 1812 648 1845 cursorum
668 1792 782 1845 uelocitas
801 1795 970 1861 exprimatur.
1006 1792 1109 1843 Harum
1121 1792 1277 1845 distributio·

121 1882 184 1915 num
200 1862 298 1916 nullam
310 1863 419 1933 probari
435 1864 492 1916 hine
508 1874 615 1933 apparet
628 1862 674 1932 (1)
687 1864 752 1931 quod
765 1866 793 1915 in
809 1862 921 1916 omnibus
933 1873 1066 1914 mutantur
1078 1862 1154 1915 uerba
1167 1865 1277 1917 codicum

122 1932 173 2003 (a)
185 1935 251 2001 quod
266 1936 348 1987 nesio
364 1936 461 2003 quidm
477 1936 541 1987 satis
559 1934 704 2003 respondent
719 1935 845 2003 strophae.
881 1935 966 2001 Neque
977 1934 1030 1986 ideo
1042 1944 1127 1986 tamen
1133 1935 1277 2000 fortuitam

121 2005 196 2057 credo
214 2007 404 2058 consecutionem
421 2006 584 2074 stropharum
601 2004 681 2073 qscalis
698 2005 732 2057 ab
749 2006 850 2057 Handio
865 2005 999 2057 obseruata
1015 2015 1061 2057 est.
1099 2007 1179 2073 Atqui
1195 2006 1278 2058 decem

121 2076 162 2129 illi
179 2094 264 2127 uersus
278 2075 341 2128 Non
358 2082 449 2129 custos
462 2074 664 2143 -quaeritando
679 2078 817 2129 necessario
832 2077 870 2128 ad
883 2096 904 2128 c.
917 2076 1128 2141 LVreferuntur.
1164 2074 1212 2145 (1)
1231 2078 1277 2129 Bis

121 2149 190 2199 enim
211 2148 361 2215 spondaeum
380 2148 407 2199 in
426 2147 533 2199 secunda
553 2147 608 2197 sede
628 2146 721 2198 habent
733 2146 788 2215 (1⁸,
801 2146 847 2214 9¹)
861 2147 927 2214 quod
942 2148 969 2198 in
988 2148 1032 2198 hoc
1051 2165 1098 2197 uno
1117 2149 1230 2199 carmine
1240 2149 1278 2215 sit

123 2216 222 2271 Catulli
235 2216 282 2287 (π)
295 2218 407 2270 Camerii
418 2236 505 2271 nomen
517 2220 544 2271 in
556 2236 580 2269 u.
591 2224 622 2280 7⁸
633 2218 769 2270 inducitur.
807 2220 894 2285 ltaque
905 2219 969 2269 hunc
981 2218 1092 2269 ordinem
1103 2228 1197 2271 statuo.

200 2291 250 2339 1-6
266 2312 288 2329 ε
307 2306 319 2353 3
333 2290 451 2357 strophae
462 2290 488 2341 in
500 2288 586 2356 quibus
599 2298 756 2341 contractum
762 2288 924 2359 phalaecium
936 2289 1047 2355 sequitur
1057 2287 1159 2342 solutus.

161 2299 190 2481 i
198 2376 223 2425 7,
234 2364 260 2412 8.
277 2360 325 2411 duo
337 2361 460 2413 contracti
471 2358 610 2412 Phalaecii.

198 2447 266 2495 9-12
284 2453 307 2471 =
326 2448 338 2481 2
351 2431 470 2499 strophae
480 2430 574 2483 similes
580 2432 675 2499 primis
689 2428 780 2497 (1-6).

174 2492 189 2559 l
200 2518 241 2565 13,
253 2518 293 2565 14.
311 2502 359 2553 duo
370 2504 494 2554 contracti
505 2500 643 2553 Phalaecii.

201 2579 238 2637 ι’,
251 2580 281 2623 2⁸
294 2596 317 2614 =
335 2589 345 2623 1
360 2573 465 2641 stropha
476 2571 566 2624 similis
574 2571 711 2641 prioribus.

200 2647 280 2707 32-82
295 2666 317 2684 =
330 2662 375 2695 sex
382 2643 510 2711 phalaecii
520 2642 645 2710 dactylici.

198 2720 297 2779 9²,10⁸
309 2737 332 2755 =
350 2731 361 2766 1
376 2715 481 2783 stropha
492 2714 581 2766 similis
586 2712 727 2835 prioribus.

201 2801 284 2848 15-22
302 2807 325 2826 =
341 2805 356 2848 4
368 2786 493 2853 strophae,
506 2787 532 2837 in
544 2787 586 2853 qui
603 2802 630 2835 us
642 2783 751 2836 solutum
756 2782 917 2853 phalaecium
929 2785 1042 2851 sequitur
1052 2793 1204 2837 contractus.

160 2858 205 2907 Ita
217 2858 244 2907 in
257 2865 307 2908 tres
314 2867 405 2924 partes
416 2857 541 2924 digeritur
552 2874 655 2907 carmen

248 2938 251 2947 “
533 2925 570 3136 Ap
609 2944 640 2990 14
659 2944 775 2977 uersuum

535 3004 552 3049 B
609 3014 640 3048 10
659 3015 774 3049 uerssasm

534 3074 552 3119 Γ
623 3072 638 3119 8
659 3086 775 3119 uersuum

125 3140 330 3206 Vnamquamque
345 3148 430 3191 autem
441 3148 545 3209 partem
562 3156 647 3191 uersus
663 3140 786 3190 terminat
801 3138 928 3204 eiusmodi,
941 3148 969 3189 ut
983 3138 1010 3191 in
1022 3158 1048 3190 eo
1060 3140 1209 3209 pausaſsat
1224 3159 1281 3193 sen·

123 3210 226 3262 tentiae.

169 3284 197 3331 lu
211 3277 271 3349 (Ad
283 3279 341 3348 Hh)
358 3284 511 3333 (ἶηιηυνίιιιιι
526 3276 730 3333 ABGGHLLat
767 3280 800 3331 ln
814 3279 1000 3331 CamerumC
1035 3279 1067 3331 In
1081 3280 1241 3332 Camertum
1253 3301 1280 3333 a.

163 3351 213 3403 Hic
235 3351 322 3403 titulus
338 3361 399 3420 post
418 3370 439 3403 c.
459 3352 526 3405 LIV.
547 3368 561 3415 5
584 3350 677 3420 legitur
695 3352 722 3403 in
741 3350 872 3403 codicibus.
918 3352 994 3402 Intra
1014 3349 1093 3404 lineas
1112 3370 1167 3404 eum
1188 3351 1282 3403 habent

129 3418 279 3486 ansatas,
297 3424 324 3475 in
342 3424 459 3491 margine
475 3423 521 3475 GG
530 3442 539 3489 ,¹
556 3422 625 3475 tituli
641 3424 752 3491 spatium
770 3421 885 3473 relietum
902 3423 930 3473 in
947 3422 1005 3487 DV,
1021 3442 1069 3474 non
1087 3424 1147 3474 item
1164 3423 1191 3474 in
1204 3422 1227 3475 0
1240 3422 1281 3474 ubi

126 3504 213 3545 tamen
224 3495 260 3544 sic
272 3494 393 3561 scriptum
405 3503 443 3545 est
455 3496 462 3521 ‘
472 3492 607 3546 Irascere’
619 3512 665 3561 quo
676 3494 834 3561 signficatur
845 3494 903 3544 noui
914 3494 1036 3545 carminis
1047 3494 1156 3545 initium

166 3582 189 3616 1.
227 3564 372 3616 molestum
384 3565 457 3616 esth
537 3566 662 3617 ulula-tus
678 3585 705 3615 e«
720 3560 1071 3617 ABCDGHLLa¹Lo²0Vo
1141 3563 1282 3616 molestu’s

125 3634 295 3687 Rossbachius
312 3635 357 3687 sed
372 3634 406 3701 cf.
425 3636 511 3687 Mart.
526 3636 547 3687 Ι.
561 3637 639 3700 96.1‚
658 3634 778 3687 ‘Sinon
797 3634 943 3687 molestum
961 3641 1012 3701 est,
1029 3642 1114 3703 teque
1132 3650 1188 3687 non
1207 3635 1282 3702 piget

125 3705 246 3759 scazon?

165 3794 190 3828 2.
227 3774 409 3828 Demonstres
422 3772 669 3828 GGHLLdOthd
727 3775 889 3827 Demostret
900 3796 919 3828 a
984 3779 1142 3828 lumniam
1155 3778 1183 3828 D
1196 3778 1281 3829 Lach-

127 3865 236 3899 mannus
255 3848 409 3899 Froebnenes
426 3848 453 3899 in
471 3845 599 3915 Philologo
611 3848 684 3899 XIV.
697 3858 727 3915 p.
741 3849 792 3909 568
812 3847 937 3916 Hauptius
949 3847 1117 3900 Rossbachius
1131 3848 1282 3901 Schwobius

129 3917 296 3987 Westphalius
368 3916 489 3970 latebrae
501 3916 634 3970 Palladius
704 3916 835 3969 tabernae
848 3918 961 3986 Scaliger
972 3920 1034 3971 coni.
1046 3920 1073 3971 in
1085 3937 1174 3971 comm.

166 4006 190 4054 3.
226 4004 351 4057 capoque
362 4007 380 4040 a
446 3986 972 4041 111inimareABGDGHLLa¹La²OVah
1034 3990 1060 4040 in
1073 3989 1162 4041 deleuit
1171 3989 1283 4059 Scaliger

127 4060 174 4113 Te
187 4060 369 4127 quaesiuimus
382 4060 408 4111 in
422 4058 528 4111 minore
541 4074 639 4125 campo
650 4078 663 4110 c
677 4058 1152 4129 Viced.1473GaIpurniusPalladius
1164 4062 1281 4113 Muretus

127 4132 225 4184 Statius
297 4130 342 4183 Te
356 4131 383 4182 in
396 4144 494 4197 campo
507 4144 534 4197 q.
547 4129 653 4182 minore
665 4128 776 4199 Sills'gius
790 4130 966 4199 Wssphalius.

165 4206 298 4317 aliia
402 4249 429 4302 sd
442 4250 506 4303 orn
594 4250 690 4302 mihis
778 4250 873 4304 circho
887 4254 913 4303 r
1007 4251 1282 4304 semihiomnrsusa

128 4322 231 4377 labellis
243 4322 376 4375 Palladius
389 4323 485 4374 Statius
557 4322 651 4387 ligellis
668 4322 744 4391 Bapt.
759 4321 889 4374 Guarinus
959 4322 1050 4388 tigillis
1064 4323 1139 4375 Alex.
1153 4324 1282 4375 Gssarinus

127 4394 249 4447 tabernis
273 4394 334 4446 Ald.
353 4395 374 4445 Ι.
394 4394 510 4445 Muretus
617 4392 722 4445 tabellis
743 4392 857 4460 Scaliger
876 4394 993 4447 Conr.de
1007 4392 1075 4445 Allia
1179 4394 1283 4446 sacellis

128 4468 161 4518 R.
175 4464 291 4517 Klotzius
304 4466 330 4517 in
344 4465 418 4516 lahn.
433 4465 501 4515 Ann.
515 4465 566 4515 LV
562 4466 598 4515 ll.
613 4466 655 4517 86.
692 4465 760 4515 Idem
772 4466 800 4516 in
813 4467 929 4533 margine
939 4464 1052 4517 editionis
1066 4462 1282 4517 Amstelodamen-

128 4540 162 4589 sis
175 4556 202 4589 a.
219 4540 286 4601 1⁶40
297 4536 399 4605 scripsit
412 4533 547 4588 Gualterus
560 4536 672 4588 landor.

680 4647 733 4695 Η
