3142 5059
304 348 371 413 212
767 344 992 411 CATVLLl

819 660 943 727 CXIII.

391 818 547 883 Cousvna
568 818 724 906 Pompeio
746 820 886 904 primum
908 819 982 905 duo,
1004 817 1129 903 Cinna,
1151 818 1303 883 solebant

435 933 626 999 Mecilium:
655 933 743 999 facto
763 934 896 999 consule
919 954 1005 997 nunc
1027 934 1145 997 itemm

392 1044 586 1110 Manserunt
607 1045 683 1131 duo,
704 1044 761 1109 sed
782 1054 952 1109 creuerunt
975 1045 1069 1108 milia
1090 1046 1126 1107 in
1148 1062 1247 1107 unum

433 1156 590 1241 Singlum.
632 1155 817 1221 Fecundum
840 1174 952 1219 semen
974 1154 1145 1219 adulterio.

824 1478 943 1549 cxlv.

393 1631 567 1697 quuuvs
588 1632 673 1697 saltu
694 1653 761 1699 non
782 1632 867 1699 falso
888 1632 1042 1698 Mentula
1062 1631 1155 1695 diues

435 1744 560 1829 Fertur,
580 1748 637 1831 qui
660 1756 712 1812 tot
732 1766 785 1811 res
807 1749 842 1809 in
865 1765 900 1809 se
921 1746 1019 1811 habet
1041 1746 1197 1829 egregias,

394 1858 575 1944 Aucupium
596 1878 694 1924 omne
714 1878 827 1945 genus,
849 1860 960 1944 piscis,
983 1868 1085 1943 prata,
1107 1877 1184 1921 ama
1204 1857 1361 1940 ferasque.

827 2120 942 2175 exul.

343 2208 407 2262 cain
422 2227 445 2261 e.
457 2209 542 2263 cxu
553 2210 702 2263 emtinuasst
718 2208 811 2262 codices
824 2208 945 2279 plerique.
980 2208 1096 2279 spatium
1107 2209 1134 2262 iu
1146 2207 1252 2277 ΒΜ
1267 2227 1334 2263 sarr.
1345 2210 1384 2261 sic
1402 2222 1472 2281 np-

302 2279 384 2349 pleu's
396 2278 442 2333 De
454 2280 553 2334 Cinna.

346 2385 371 2423 1.
407 2366 525 2422 Fonsule
538 2367 696 2437 Dasupr.
766 2368 867 2421 duaa.

345 2456 370 2492 a.
408 2437 520 2492 Mecilii
533 2440 558 2492 G
637 2434 1058 2493 Mecuiaucauaaalaawt'e
1137 2436 1290 2493 Meciliaa
1370 2438 1468 2493 Meti-

306 2510 373 2565 liuh
462 2509 575 2564 Melicia
588 2510 635 2563 Aa
721 2508 878 2562 Moechalia
890 2516 918 2563 at
930 2510 1085 2563 Parthenius
1168 2508 1319 2563 Moechidii
1332 2511 1468 2563 Turnebus

309 2580 419 2635 Aduers.
431 2581 527 2634 XXII.
543 2586 574 2633 18
653 2580 767 2633 Moechi
783 2580 829 2633 illo
841 2582 938 2633 Statius
951 2580 1067 2633 Heinsius
1079 2580 1158 2633 Daer.
1172 2580 1270 2635 Fruehl.
1345 2580 1466 2635 Moechi

308 2650 721 2720 illoaScaliaerCmdeAllio
845 2650 958 2704 Moechi
971 2650 1016 2704 ilio
1028 2657 1057 2703 at
1069 2650 1181 2720 Silligius
1300 2650 1466 2706 Moechulei

307 2724 472 2775 Passeratius
554 2722 675 2776 Caecilio
687 2724 788 2776 Vossius
869 2720 1012 2775 Moechari
1024 2719 1220 2775 Elimiam
1301 2720 1465 2777 Maecilium

308 2793 490 2846 Lachmannus
502 2793 598 2861 Huius.
611 2793 684 2863 Hya.
774 2791 917 2845 Muciuam
929 2792 1069 2847 Pleilnerus
1081 2792 1203 2847 Schauab.

346 2880 371 2929 3.
408 2861 626 2933 MansneruntO
697 2862 780 2917 millia
793 2863 888 2917 DLIsd.

344 2953 370 3000 4·
409 2930 913 3005 >iugulumcodieespraesereScatsger
925 2933 1207 2989 Vass.Conr.deAllia
1312 2934 1464 3003 Singlume

307 3004 482 3073 quodminu.
519 3005 586 3059 Non.
599 3020 646 3069 171
721 3004 860 3072 singulum
875 3020 927 3073 pro
941 3004 1076 3071 singulam
1089 3044 1096 3059 .
1110 3045 1117 3059 .
1131 3044 1138 3059 .
1151 3004 1240 3058 Varro
1253 3004 1363 3073 Periplu
1376 3005 1424 3059 lib.
1437 3006 1461 3059 1.

309 3074 386 3129 Tum
397 3090 466 3128 nem
477 3074 561 3129 doces
572 3075 714 3129 historiam
725 3076 922 3129 necessariam:
939 3076 1018 3129 simul
1028 3092 1112 3129 unum
1122 3076 1256 3142 singulum
1266 3082 1348 3131 esset.
1380 3076 1462 3131 idem

310 3146 440 3215 Octogesi
457 3147 517 3215 περὶ
532 3144 742 3217 ν(ο)μωμότων;
761 3144 815 3199 hoc
828 3153 888 3199 erat
900 3146 1066 3200 incommodi
1078 3146 1153 3216 quod
1165 3146 1362 3213 nesciebamus,
1374 3148 1463 3201 semel

308 3234 394 3271 unum
410 3217 547 3285 singulum
561 3234 630 3272 esse.
666 3218 847 3271 Lachmannus
864 3228 949 3271 tamen
966 3220 994 3271 in
1010 3220 1111 3272 Lucret.
1123 3230 1217 3288 p.413
1282 3229 1313 3271 as
1329 3218 1462 3272 Catssllm

308 3290 345 3342 sic
361 3292 491 3359 scripsisse
577 3289 687 3356 Singula
704 3288 767 3341 Itali
783 3289 822 3341 ed.
836 3290 883 3341 Pr.
897 3288 972 3358 uulgo
987 3298 1012 3341 et
1028 3288 1136 3345 Latium
1206 3291 1244 3341 Pa
1275 3290 1281 3302 '
1326 3301 1464 3360 smsqtarat

308 3361 421 3414 XXIX.
433 3375 464 3425 17
477 3360 595 3428 primum
607 3372 658 3431 pro
674 3379 701 3413 eo
717 3360 784 3429 quod
798 3358 913 3413 casula
931 3362 1033 3430 scripsit
1050 3360 1137 3429 prima
1238 3359 1265 3415 in
1282 3376 1385 3414 annum
1396 3364 1463 3417 cassi.

309 3430 512 3487 Edisti-saur.

346 3608 409 3661 Cum
422 3626 444 3660 c.
456 3608 554 3661 CXIII
567 3608 714 3661 continuant
730 3606 823 3659 cadim
835 3604 956 3677 plerique.
991 3606 1107 3675 Spatium
1123 3605 1151 3658 in
1162 3606 1209 3658 Da
1220 3606 1286 3675 quad
1299 3625 1367 3661 carr.
1381 3608 1410 3661 D
1424 3610 1462 3661 sic

308 3678 431 3747 suppleuit
443 3676 488 3731 De
501 3677 581 3730 Salio.

349 3782 372 3818 1.
412 3758 552 3810 lsimianus
567 3762 858 3830 ABCDGLOVbaccf.
871 3762 1090 3833 Orelltmcripes.
1105 3768 1172 3829 3118
1267 3762 1423 3817 Firmamus
1436 3766 1464 3819 H

311 3832 511 3890 Ven.La¹La²d
522 3835 688 3905 Wstphalius
814 3834 935 3887 Firmani
947 3835 1077 3888 Guarinus
1090 3836 1206 3887 Heinius
1330 3834 1462 3889 Firmano

312 3906 374 3961 Ald.
386 3908 409 3959 l.
421 3907 517 3958 Statius
532 3907 600 3960 Voss.
721 3905 884 3959 Formianus
895 3904 1009 3975 Scaliger
1022 3905 1092 3975 Vulp.
1105 3904 1217 3958 Nabbius
1229 3906 1352 3991 de'Metr.
1364 3907 1463 3991 (bruil.

310 3978 553 4101 Sitillia
568 4048 627 4101 rm.
647 3976 909 4101 Fffiffiiiifflil
920 3986 981 4030 “¹¹“
992 3977 1462 4119 Miiismoissf‘iliinfflli

311 4120 378 4174 (id.
391 4121 427 4173 A.
439 4119 537 4172 Froelsl.
549 4118 624 4172 Pleit.
741 4119 811 4171 saltu
832 4118 966 4171 Palladius
986 4118 1060 4188 euelgs
1080 4130 1106 4171 et
1126 4120 1235 4173 lasbm.
1353 4118 1422 4175 falsa
1441 4140 1460 4174 a

309 4191 418 4246 saluod
485 4190 607 4243 mentula
619 4190 669 4242 hed
737 4188 856 4239 mensula
871 4199 928 4243 cett.

348 4280 374 4316 a.
409 4267 478 4377 (lum
489 4258 615 4313 Billald
626 4261 665 4314 ed.
677 4263 724 4314 Pr.
739 4258 853 4329 Scaliger
867 4262 934 4315 Voss.
949 4260 1020 4330 Vulp.
1032 4261 1061 4314 C.
1072 4260 1104 4313 de
1116 4259 1185 4313 Allia
1197 4260 1276 4314 Daer.
1288 4259 1344 4315 Sill.

350 4350 374 4399 3.
409 4370 413 4377 1
435 4329 557 4394 nuptam
574 4329 752 4386 accam
825 4334 868 4385 An
881 4332 988 4400 cupiam
1000 4332 1042 4385 Oh
1120 4332 1262 4399 Ancipiam
1275 4331 1331 4384 la²
1402 4334 1462 4387 An-

311 4404 391 4472 cupia
408 4405 454 4456 ild
469 4405 566 4457 Statius
683 4406 746 4456 Post
762 4402 908 4471 aucupium
925 4404 1104 4473 intespsmgunt
1121 4403 1219 4457 Statius
1236 4404 1345 4457 Lacbm.
1362 4404 1461 4475 Haupt.

313 4475 411 4528 Fraehl.
423 4473 511 4529 Rassb,
523 4474 644 4529 Schwab.
731 4474 849 4542 piscem
937 4490 1003 4527 aura
1016 4474 1049 4528 G.
