3142 5059
300 371 357 428 ³⁴8
755 367 978 428 EXCVRSVS.

303 569 337 626 ¹9
352 549 419 610 Keil
440 547 520 608 Inter
540 549 669 628 fragrat
689 559 715 610 et
733 552 859 628 flagrat
879 550 1018 628 (fraglat
1033 549 1101 611 ood
1113 549 1157 624 B)
1171 550 1222 608 tac
1238 551 1348 608 rirterm
1362 549 1442 624 quad

299 649 428 726 fragrat
443 649 579 726 (fraglat
591 649 633 723 B)
648 651 753 709 odorem
766 651 913 729 srgnrfirat,
928 650 1052 727 flagrat
1069 668 1135 708 rrere
1148 649 1314 726 splendorem
1327 647 1437 704 daeren-

298 753 378 806 strat.
420 745 489 806 Hoc
511 747 597 806 Probi
621 759 776 826 praecepto
798 748 868 807 nihil
890 750 1035 826 antiquius
1056 767 1152 825 neque
1173 747 1212 806 ad
1231 764 1294 805 rem
1314 745 1437 821 gramm

298 845 410 918 babeo;
432 863 499 905 nam
519 855 614 906 cetera
631 847 774 906 uocabula
792 847 866 906 inter
880 866 955 925 quae
971 847 1175 908 discretionem
1190 845 1280 922 ponit,
1294 843 1437 921 pleraque

298 951 365 1002 sunt
384 943 526 1004 eiusmodi
546 955 578 1004 ut
598 944 779 1004 audientibus
800 946 944 1022 potuerint
963 945 1065 1004 eadem
1085 945 1185 1015 uideri,
1204 943 1285 1021 quod
1303 941 1382 1000 cadit
1402 942 1437 999 in

289 1041 410 1118 flagrat,
426 1043 555 1120 fraglat,
582 1043 613 1102 in
631 1043 752 1120 flagrat,
768 1042 900 1122 fragrat
923 1062 985 1103 non
1011 1063 1048 1103 ex
1074 1061 1179 1122 aequo.
1233 1040 1331 1101 Gloss
1358 1038 1436 1098 Ball

299 1139 436 1217 Fraglat
453 1148 480 1199 et
493 1141 617 1218 flagrat
631 1143 670 1201 r'ta
683 1143 886 1219 ditrngur'trer:
906 1142 1031 1219 fraglat
1045 1153 1099 1218 per
1112 1160 1130 1199 r
1143 1142 1261 1199 litteram
1274 1139 1438 1197 adadrrerer

299 1238 438 1314 refertam·
460 1238 581 1315 flagrat
600 1251 652 1316 per
670 1241 686 1298 l
702 1241 743 1298 ad
754 1241 902 1318 fannarn
922 1248 950 1299 et
968 1243 1066 1318 ι’μιπι.
1106 1239 1153 1300 Id
1174 1237 1311 1314 Fraglat
1334 1236 1443 1294 redolet

297 1338 395 1412 sperat,
420 1335 612 1412 Fraglantia
636 1337 698 1396 dene
720 1341 826 1397 oleatae.
878 1338 974 1399 Gloss.
989 1338 1181 1398 Hildebrandi
1201 1353 1229 1414 p.
1249 1351 1304 1409 147
1327 1333 1436 1409 Frag-

298 1435 401 1495 lantis
438 1434 500 1493 dene
535 1436 637 1495 olentes.
693 1435 791 1496 Gloss,
824 1437 902 1513 apud
933 1435 1002 1495 Mai.
1030 1437 1115 1495 Auct
1143 1433 1236 1494 Clas&
1260 1431 1346 1491 Vlll.
1372 1447 1435 1506 245

299 1531 464 1610 Fragrare
478 1535 548 1593 olere
560 1535 632 1612 quad
641 1540 667 1593 et
679 1534 828 1612 fraglare
841 1535 953 1594 dereiner.

338 1717 518 1780 Glossarium
532 1731 615 1780 uetus
630 1721 701 1780 Bibl.
717 1721 801 1782 Bodl
816 1723 913 1794 (eluet
928 1722 952 1780 1.
967 1720 1006 1779 ΙΙ.
1021 1725 1072 1792 24)

419 1859 584 1937 Flagrans
597 1863 697 1922 ardens
700 1863 829 1940 fulgens.

418 1955 558 2034 Flagrat
570 1960 651 2018 ardet
662 1962 723 2017 serit
733 1962 779 2018 uel
789 1963 845 2020 alet.

418 2055 617 2132 Flagrantia
631 2059 777 2118 redolentia
791 2059 917 2118 ardentia
930 2063 1026 2118 suarer's
1039 2061 1112 2116 adar.

417 2153 637 2230 Flagrantius
650 2159 786 2232 ceprbsr'res.

418 2250 619 2329 Flagrantes
633 2255 728 2314 alento
741 2257 865 2315 ardentes
879 2257 924 2314 uel
934 2255 1105 2334 refulgentes.

418 2349 493 2409 Fra.
507 2353 590 2428 glat.
599 2355 667 2430 plus
680 2355 749 2413 olet.
764 2355 810 2412 uel
821 2353 949 2432 fraglat
963 2400 969 2414 .
984 2355 1090 2412 oderem
1103 2355 1157 2412 dat.

417 2447 621 2526 Fraglantes
637 2497 642 2510 .
657 2453 718 2511 bene
730 2453 827 2511 olentes
840 2453 886 2512 reel
895 2453 1058 2532 refulgentes
1070 2455 1129 2511 seire
1140 2452 1272 2510 ardentes.

337 2633 394 2691 His
414 2634 488 2694 adde
509 2635 698 2697 Schuchardti
719 2637 853 2714 exempla
873 2636 1072 2711 (Volralismus
1093 2637 1145 2696 des
1158 2635 1390 2713 Vulgaerlateins
1406 2637 1432 2696 Ι.

300 2735 368 2805 139)
386 2733 435 2790 ubi
453 2732 602 2811 fraglere
622 2755 674 2812 pro
693 2735 844 2812 flagrare
863 2736 975 2805 nouies,
989 2753 1044 2812 pro
1062 2733 1217 2811 fragrare
1236 2743 1339 2810 quater
1352 2735 1434 2812 posi·

296 2839 357 2886 tum
381 2838 431 2886 est.
474 2829 544 2890 Non
568 2833 696 2894 dissimili
720 2835 812 2893 modo
835 2833 1016 2910 fragellum
1040 2834 1184 2892 interdum
1207 2834 1353 2892 inuenitur
1377 2851 1433 2909 pro

286 2925 443 3003 flagellum,
457 2938 489 2987 ut
502 2931 532 2986 in
545 2931 646 2992 codice
661 2931 839 2992 Columellae
852 2933 908 2992 111.
923 2951 968 2991 ro.
982 2953 1008 3004 a,
1023 2931 1082 2991 Pal.
1097 2932 1189 2991 Euan
1201 2945 1248 3006 95.
1259 2933 1287 2989 6.
1300 2933 1337 2989 16
1352 2931 1433 3008 apud

297 3024 483 3086 Schuchardt
497 3045 526 3103 p.
541 3031 605 3102 138.

336 3125 411 3184 lllud
428 3135 576 3202 praeterea
594 3129 753 3188 notandum
774 3141 826 3202 est,
840 3131 921 3207 quod
935 3129 1025 3206 fltgro
1044 3130 1092 3188 uel
1109 3128 1201 3206 fregio
1218 3129 1309 3187 rarius
1328 3145 1347 3185 a
1364 3145 1431 3187 cor·
1555 3149 1557 3190 r

296 3234 377 3300 repta
394 3222 503 3300 legitur.
546 3224 664 3285 Habent
682 3227 712 3286 id
730 3228 849 3304 quidem
862 3228 1007 3306 Vergilius
1022 3228 1059 3288 G.
1074 3228 1097 3287 1.
1110 3247 1165 3303 331
1188 3228 1234 3286 ille
1253 3226 1430 3302 flagranti,

296 3323 368 3380 Aen.
383 3321 422 3380 11.
439 3325 496 3397 685
519 3327 670 3400 crenenrque
693 3325 916 3402 flagrantem,
937 3326 1000 3386 Cat
1015 3327 1101 3386 Vl.8
1126 3325 1266 3401 Sertaque
1288 3345 1322 3386 ac
1344 3323 1431 3401 &rio

296 3407 450 3497 flagrans
477 3423 555 3495 alano,
585 3421 721 3483 Manilius
743 3424 766 3483 I.
787 3427 856 3495 620,
877 3424 914 3485 V.
934 3439 1002 3500 437,
1026 3425 1179 3484 Petronius
1204 3423 1262 3482 Sat
1283 3442 1349 3494 124.
1371 3425 1427 3481 262
1556 3481 1557 3484 ,

298 3519 485 3596 (fragranti
513 3522 607 3581 codex
632 3523 663 3581 P
686 3522 881 3596 Buecheleri).
935 3523 993 3582 Sed
1023 3541 1167 3601 nusquam
1204 3523 1246 3581 sic
1276 3532 1430 3598 usurpatur
1556 3521 1557 3576 i

296 3618 373 3693 apud
397 3618 562 3678 Lucretium
584 3619 732 3680 Tibullum
754 3620 937 3697 Propertium
960 3621 1115 3681 Horatium
1138 3621 1276 3680 Ouidium
1298 3619 1430 3678 Persium

295 3715 462 3776 Inuenaiem
486 3717 647 3778 Martialem
672 3719 796 3780 Statium
817 3721 948 3798 Priapia;
978 3739 1043 3792 nec,
1067 3721 1147 3797 quod
1171 3719 1305 3797 equidem
1331 3721 1430 3791 sciam,

295 3813 373 3888 apud
393 3813 545 3874 Lucanum
567 3815 708 3877 Senecam
726 3817 874 3878 Valerium
890 3818 1035 3879 Flaccum.
1078 3819 1124 3877 Ex
1142 3818 1189 3876 his
1209 3817 1281 3877 locis
1301 3817 1430 3895 quinque
1556 3893 1557 3900 ¹

295 3912 345 3970 ubi
371 3929 389 3970 a
415 3925 547 3988 correpta
573 3925 624 3985 est,
650 3917 680 3974 in
707 3935 768 3976 uno
796 3915 959 3976 Catulliano
986 3935 1105 3977 sensum
1131 3917 1225 3974 alendi
1248 3916 1371 3988 retinet;
1401 3916 1430 3974 in

295 4010 396 4069 ceteris
417 4028 471 4086 pro
492 4013 544 4068 reri
563 4013 673 4071 dicitur.
716 4013 762 4073 Ne
783 4013 841 4073 hoc
862 4015 979 4090 quidem
1001 4014 1148 4074 fortuitum
1169 4014 1281 4085 babe03
1301 4031 1372 4071 nam
1393 4032 1429 4073 ex

295 4111 500 4188 conparatione
522 4113 678 4188 scripturae
699 4113 833 4174 codicum
855 4115 913 4174 hoc
932 4115 997 4174 elici
1016 4133 1105 4190 posse
1125 4115 1257 4187 uidetur;
1279 4113 1430 4190 flagrare

295 4211 462 4288 plerumque
495 4211 631 4288 scriptum
664 4212 752 4272 luisse
779 4215 828 4271 ubi
858 4216 911 4270 ure'
940 4213 1169 4289 significaretu13
1204 4212 1354 4288 flagrare
1380 4213 1428 4271 uel

296 4311 448 4387 fraglare,
469 4312 607 4371 incertum
630 4323 726 4371 utrum
749 4314 801 4372 sed
821 4313 880 4372 hoc
901 4313 1021 4372 fortasse
1039 4313 1165 4389 saepius,
1186 4313 1235 4371 ubi
1257 4331 1311 4389 pro
1333 4313 1427 4372 olere

295 4411 421 4483 positum
448 4422 531 4470 essct.
584 4409 640 4470 Sed
665 4410 720 4469 hoc
749 4430 838 4476 sensu
858 4411 962 4471 Catulli
987 4422 1118 4488 tempore
1140 4411 1230 4470 rarius
1251 4412 1426 4488 usurpabant
1555 4395 1557 4426 ³
