3142 5059
286 412 332 468 viii
681 408 1041 469 PROLEGOMENA.

328 596 376 653 Ad
392 595 537 654 Catullum
553 594 675 653 sortasse
691 596 835 671 pertinent
849 594 922 653 haec
937 593 1029 651 Serm.
1045 592 1129 651 VIII.
1147 610 1175 669 p.
1192 594 1251 662 624
1267 590 1351 649 Bed.
1368 588 1436 647 Bal·

285 695 375 765 lerini,
390 692 457 751 Noa
472 694 592 769 angelrio
606 701 639 751 at
649 692 734 751 Eleas
747 694 882 769 quondam
896 692 1037 751 subuectus
1049 711 1104 749 non
1115 693 1264 766 pmae'grero
1277 696 1310 746 at
1318 689 1438 763 partim

286 794 332 850 ille
351 794 445 849 uolatu
454 812 464 847 :
486 792 522 851 cl.
542 792 647 851 Catuli.
662 792 724 850 LV.
745 794 790 863 16,
809 806 842 864 17
864 790 932 849 Noa
952 793 981 848 si
998 788 1120 866 Pegaseo
1131 790 1221 866 seror
1243 789 1346 858 uolatu,
1368 785 1437 844 Noa

286 891 386 949 Ladas
398 910 445 966 ego
454 892 612 967 perantes-ra
624 890 764 959 Persam
787 890 880 949 Serm.
894 890 935 950 11.
954 908 982 965 p.
995 888 1092 964 595C
1115 887 1199 959 Quem
1212 888 1303 963 finire
1316 887 1437 943 amaram

287 992 337 1065 qai
343 990 471 1067 sacrant
486 996 553 1047 sara
567 997 619 1047 out
637 998 719 1048 erant
735 1009 788 1047 aon
804 990 956 1047 aalaeraat
974 989 1068 1046 ualent
1086 986 1215 1046 uolebant
1232 986 1359 1062 loquendo
1378 1003 1439 1042 ser-

287 1108 384 1155 mones,
408 1100 436 1147 et
462 1088 553 1147 Serm.
572 1088 657 1147 VIII.
679 1108 707 1165 p.
723 1090 780 1161 627
798 1088 828 1146 D
852 1086 978 1147 Goliloei
1002 1105 1067 1144 aero
1090 1088 1142 1162 qui
1165 1092 1233 1143 sant
1244 1085 1374 1162 sacrant
1395 1084 1442 1139 aet

287 1194 372 1245 erant
387 1188 447 1245 nisi
461 1190 513 1263 qai
525 1184 681 1246 Galilaeom
701 1187 873 1245 incoluerant
888 1187 1011 1245 recolant
1026 1186 1073 1243 aet
1088 1184 1228 1242 amentatas
1237 1182 1355 1261 saturas
1373 1189 1438 1239 tem·

281 1287 398 1363 poribus
414 1290 518 1344 eruat?
538 1286 574 1345 cf.
590 1285 654 1345 Cat.
670 1286 752 1345 XXI.
771 1305 807 1360 ²3
829 1284 898 1344 Noa
912 1285 1014 1342 haram
1028 1284 1103 1342 modo
1116 1284 1165 1341 sed
1178 1290 1244 1358 quot
1256 1282 1444 1359 autsaeraat

288 1386 352 1443 Aut
366 1390 433 1442 sant
448 1391 500 1442 oat
516 1384 581 1443 atrii
599 1390 682 1441 auat
698 1386 728 1441 ia
745 1386 830 1441 annes
848 1401 924 1460 quae
942 1383 1033 1441 uerba
1050 1381 1152 1440 leuiter
1169 1381 1322 1438 immutata
1338 1398 1439 1438 rursus

288 1485 425 1559 leguntur
439 1482 534 1541 XXV.
549 1501 575 1553 2,
589 1500 615 1557 3,
636 1482 744 1541 XLIX.
760 1502 785 1552 2,
800 1500 835 1555 3;
857 1480 945 1540 Liber
963 1479 1174 1557 Apologeticus
1194 1497 1223 1555 p.
1237 1493 1293 1551 501
1314 1476 1373 1537 Sed
1389 1478 1440 1536 troc
1546 1506 1550 1509 ·

289 1601 390 1639 neeesse
409 1599 462 1639 non
484 1600 538 1639 esse
555 1582 658 1639 clamat
674 1580 834 1651 liberalitas,
849 1580 930 1656 quod
944 1579 1066 1637 sortasse
1083 1578 1122 1637 ad
1136 1576 1200 1637 Cat.
1212 1577 1293 1650 VI.7
1310 1576 1438 1647 refertur,

291 1680 540 1757 quemadmodum
556 1680 592 1739 ad
604 1679 734 1739 Persium
747 1678 782 1757 (I.
793 1674 864 1756 115)
875 1696 950 1754 quae
964 1688 1101 1737 secuntur
1111 1682 1145 1733 at
1151 1678 1303 1752 genae'aam
1317 1682 1440 1733 uestram

290 1797 339 1836 nos
353 1780 391 1837 ito
406 1778 537 1835 rodentem
546 1777 652 1854 postello
662 1778 1000 1835 harasmodiconteramas
1011 1772 1083 1853 (502
1093 1773 1132 1851 C)
1143 1775 1181 1834 ad
1191 1774 1354 1851 Vergilium
1364 1773 1440 1852 (Est.

291 1876 343 1935 IX.
360 1874 411 1954 65)
430 1882 462 1935 at
480 1884 506 1934 et
523 1896 563 1934 me
583 1876 667 1933 eodem
678 1877 763 1954 fasce
783 1877 876 1933 letare
896 1882 922 1932 et
940 1873 1016 1932 aeto
1036 1874 1098 1932 riade
1117 1880 1260 1948 unamque
1278 1890 1442 1930 eonmrrere

291 1978 397 2034 uoleom
413 1975 485 2054 (439
501 1972 550 2054 Α).
598 1973 786 2050 Quamquam
809 1990 871 2031 non
893 1972 1000 2031 infitior
1023 1990 1062 2029 ne
1083 1990 1176 2032 unum
1197 1971 1317 2047 quidem
1340 1971 1441 2029 locum

291 2094 328 2133 ex
342 2075 387 2133 his
401 2085 461 2132 tam
475 2074 551 2133 clare
566 2074 603 2133 ad
618 2072 765 2132 Catullum
779 2072 877 2131 referri
895 2082 927 2131 ut
946 2090 1006 2129 non
1027 2071 1144 2129 aliunde
1163 2070 1286 2129 deriuari
1305 2071 1440 2147 potuerit.

291 2172 362 2232 Post
384 2172 553 2231 Ratherium
575 2191 666 2249 usque
688 2174 725 2231 ad
746 2173 859 2230 initium
880 2171 987 2231 saeculi
1007 2170 1083 2229 XIII
1103 2188 1180 2228 unus
1199 2168 1313 2245 estqui
1332 2168 1442 2243 abquid

291 2292 328 2331 ex
343 2272 448 2331 Catulli
465 2272 640 2330 carminibus
660 2271 819 2331 laudauerit
835 2270 963 2329 Ioannes
982 2267 1212 2338 sarisburiensis,
1227 2267 1277 2343 qui
1295 2268 1326 2324 in
1345 2265 1442 2324 Meta-

290 2371 386 2447 logiae
401 2371 490 2429 Libro
505 2371 528 2430 I.
546 2391 582 2444 24
604 2372 677 2460 hacc
697 2371 766 2431 dicit
779 2370 943 2445 Antiquitas
961 2368 1112 2426 meabatar
1125 2368 1258 2437 tolerator,
1272 2367 1358 2424 riexto
1372 2365 1448 2422 r'llud

295 2469 406 2529 Catulli
415 2469 527 2528 Manus
541 2472 592 2529 dat
602 2472 655 2529 tibi
665 2468 749 2527 Salio
764 2470 891 2527 tolerator
906 2468 1000 2547 (XIV.
1017 2464 1057 2544 9).
1101 2465 1160 2526 Sed
1176 2465 1255 2525 hunc
1272 2483 1391 2525 uersum
1404 2484 1443 2523 ex

293 2568 440 2628 Martiano
468 2567 588 2645 Capella
614 2569 728 2627 uidetur
756 2566 974 2643 deprompsisse
1000 2564 1068 2645 (III.
1094 2561 1165 2643 229)
1194 2562 1293 2640 Itaque
1319 2569 1444 2621 assertor

293 2668 385 2725 nostri
407 2686 481 2724 nanc
508 2667 634 2725 literatus
661 2668 770 2737 dariae,
795 2666 932 2723 litterator
955 2672 1036 2723 oatea
1063 2664 1222 2721 meabatar.
1270 2661 1334 2722 Hoc
1360 2664 1444 2745 ettam

296 2764 427 2825 Catullus
439 2765 551 2840 qaedam
570 2784 624 2822 non
644 2765 772 2823 raamais
784 2770 863 2839 poeta
882 2769 1070 2824 commemorat
1088 2764 1179 2820 dr'cem
1194 2759 1309 2819 Mamer
1326 2762 1377 2819 dat
1394 2761 1449 2818 tibi

294 2862 375 2939 Sylla
389 2864 521 2921 literator.
564 2862 719 2939 Nusquam
740 2874 987 2921 commemoratur
1007 2880 1025 2919 a
1044 2861 1150 2937 Dante,
1169 2860 1327 2919 Vincentio
1346 2858 1446 2918 Bello·

259 2945 265 2957 ’
293 2960 421 3031 uacensi,
440 2959 572 3035 Hugone
591 2960 820 3035 Trimbergensi.
862 2958 938 3018 Illud
959 2971 1058 3019 tamen
1078 2978 1147 3017 nere
1167 2959 1270 3017 uideor
1290 2976 1378 3034 posse
1400 2957 1445 3015 di·

294 3078 368 3130 cere,
391 3059 491 3135 paucis
516 3058 671 3134 scriptores
695 3057 759 3116 aeui
781 3058 871 3117 medii
894 3068 955 3116 tam
979 3058 1114 3135 cognitos
1138 3074 1204 3116 esse
1228 3067 1260 3116 ut
1283 3074 1338 3133 pro
1362 3066 1446 3115 certo

293 3156 422 3217 habeant
442 3156 552 3216 nemini
573 3175 675 3215 eorum
697 3155 843 3215 Catullum
864 3156 1034 3215 innotuisse.
1076 3155 1162 3215 Duos
1186 3155 1269 3215 locos
1294 3171 1446 3231 apponam

294 3374 372 3407 aurem
385 3360 452 3423 (Hor.
465 3360 486 3408 S.
499 3360 517 3407 1.
532 3372 553 3407 1.
568 3358 617 3420 22).
651 3358 721 3406 Serm.
737 3358 778 3407 VI.
799 3373 822 3420 p.
838 3356 923 3419 617A
943 3358 995 3404 Heu
1018 3357 1066 3405 dira
1088 3357 1170 3405 furoris
1192 3355 1311 3412 Conditio,
1333 3356 1374 3417 qui
1394 3357 1447 3402 uin

294 3444 379 3503 patitur
391 3444 465 3505 magIs
475 3444 513 3489 ille
524 3443 608 3507 IIgatur
621 3444 697 3505 (qaam
709 3456 802 3488 uersam
813 3442 886 3488 aneio
898 3442 959 3488 22212
969 3440 1122 3501 excerpserit).
1150 3440 1243 3487 Flauius
1254 3439 1315 3486 enim
1326 3438 1448 3503 malignae

294 3525 430 3585 operationis
446 3525 539 3572 illoram
556 3526 586 3571 alr
602 3525 633 3572 eis
649 3526 678 3572 ad
695 3540 734 3571 me
751 3524 857 3571 decurrit.
890 3524 923 3569 Et
938 3535 982 3585 ego
998 3523 1065 3570 111222
1081 3522 1173 3569 turbari
1188 3522 1247 3584 agai
1262 3520 1326 3569 atius
1342 3521 1447 3583 example

288 3606 409 3665 saltatoris
420 3623 515 3654 acmesor
527 3608 634 3669 (Phaedr.
644 3608 699 3655 sab.
707 3608 724 3655 1.
734 3620 755 3654 r.
764 3606 798 3667 ¹5).
833 3607 894 3653 Hinc
905 3605 1029 3652 Ratherius
1040 3605 1155 3668 colligitur
1166 3604 1240 3665 ipsnrn
1252 3603 1350 3651 Phaedri
1362 3604 1448 3650 libmm

295 3688 382 3752 legisse.
417 3690 493 3736 Aliam
514 3692 615 3737 tabulam
634 3691 663 3737 de
682 3691 749 3737 Rana
771 3690 839 3736 Mure
858 3699 881 3735 et
899 3689 1013 3749 Accipitre
1029 3688 1092 3749 (VII.
1104 3702 1121 3749 4
1134 3688 1171 3735 ed.
1183 3685 1294 3745 Dressler)
1312 3695 1402 3747 spectat
1421 3686 1447 3733 in

296 3772 378 3818 eodem
395 3772 503 3819 Sermone
515 3776 548 3835 (p.
560 3770 609 3820 618
622 3773 661 3833 B).
693 3772 766 3833 Epist.
777 3772 819 3819 XI.
833 3769 882 3833 560
902 3770 1053 3818 Tolerabilius
1063 3785 1119 3816 mom
1129 3771 1213 3831 saerat
1224 3780 1325 3817 aesnam
1336 3770 1369 3815 sie
1378 3770 1449 3830 ser-re

296 3854 429 3909 (1222121222,
441 3863 467 3899 at
477 3870 542 3916 qaam
553 3855 661 3909 timerem,
673 3856 776 3901 mmdem
793 3854 913 3917 diligerem
928 3853 1011 3914 ipsam,
1022 3861 1049 3899 at
1058 3853 1139 3913 faeere
1154 3852 1317 3899 tatemerem
1329 3852 1406 3907 illam,
1418 3852 1449 3899 aa

295 3951 340 3997 pao
356 3935 412 3983 nabi
426 3949 552 3998 congruere
567 3936 628 3983 illad
635 3937 684 3998 feei
694 3936 839 3983 Nasoaieam
850 3937 936 3983 Probra
948 3935 1113 3996 Therapnaeae
1125 3936 1164 3995 qui
1175 3935 1265 3982 dixerat
1276 3944 1330 3981 ante
1341 3936 1449 3991 maritae.

297 4017 357 4064 Mox
369 4018 450 4065 cecinit
461 4019 689 4080 laudesprosperIore
700 4021 750 4081 lyra
763 4020 837 4083 (Ouid
857 4022 885 4066 A.
895 4021 925 4066 Α.
937 4019 979 4064 III.
991 4032 1031 4082 49,
1044 4018 1095 4079 50).
1129 4019 1171 4079 Iip.
1183 4018 1247 4066 XIV.
1261 4032 1285 4079 p.
1297 4016 1346 4082 569
1357 4020 1449 4080 Hyper-

297 4100 365 4147 batort
384 4116 436 4147 ram
455 4101 592 4164 ambagibus
610 4102 656 4149 sais
674 4103 776 4150 omittens
796 4118 845 4148 rem
863 4102 936 4163 ipsam
952 4110 1039 4163 quanta
1055 4116 1122 4149 meae
1138 4116 1190 4161 pars
1206 4111 1283 4148 aesna
1300 4101 1330 4148 sie
1346 4102 1448 4158 animae,

295 4184 358 4231 trado
380 4192 402 4230 et
424 4193 502 4245 aperto
524 4200 625 4231 sermome
648 4200 684 4232 me
705 4185 772 4232 iuuat
793 4184 923 4239 descmbm,
946 4183 1077 4231 scholastice
1098 4184 1118 4230 si
1139 4200 1185 4231 aaa
1208 4183 1276 4231 aaleo
1298 4184 1388 4231 2212222
1410 4185 1450 4233 ael

295 4266 385 4321 rustice,
402 4282 446 4312 aon
458 4265 516 4328 fiete
531 4275 608 4315 tamea
624 4268 679 4329 qaia
693 4276 756 4329 praa
774 4267 841 4314 nobo
858 4282 913 4314 aare
929 4267 991 4327 quod
1009 4266 1065 4313 latet
1081 4280 1164 4313 arcana
1180 4280 1229 4312 uon
1245 4267 1372 4314 enarrabile
1388 4266 1449 4315 fibra

297 4350 370 4409 (Pers.
381 4350 410 4395 V.
428 4347 486 4412 29);
511 4358 622 4411 quamnam
645 4364 686 4397 aas
709 4350 802 4396 sinuoso
824 4349 847 4396 in
870 4359 962 4409 pectore
985 4348 1025 4395 lixi
1046 4348 1145 4411 (11227)
1163 4358 1245 4396 notare
1264 4348 1346 4411 gestio.
1380 4348 1450 4398 illud

297 4430 406 4478 emmeant
429 4431 498 4479 roais
520 4432 599 4479 Dauus
621 4446 671 4479 sum
694 4446 740 4479 non
764 4432 865 4492 Oedipus
885 4432 957 4494 (And.
973 4431 991 4478 l.
1006 4444 1026 4478 a.
1041 4432 1083 4492 23)
1105 4441 1131 4479 aa
1151 4431 1241 4493 saonis
1263 4431 1339 4479 eaba
1354 4431 1448 4493 sellam

297 4512 420 4571 aranas,
