3142 5059
573 357 630 416 AD
658 357 765 418 LXIV.
789 361 854 431 287.
1226 361 1283 419 ³31

185 553 233 615 75.
277 538 443 599 Geminas
463 539 615 600 Deorum
636 541 678 600 ad
699 557 800 599 aures
819 555 910 598 noua
930 539 1052 599 nuntia
1072 538 1235 600 referens.

184 662 351 724 Geminas
371 681 539 741 quanquam
559 663 656 723 multis
676 673 844 740 suspectum
865 663 933 722 satis
956 663 1108 723 defensum
1131 664 1227 725 habeo
1247 684 1285 726 ex

139 762 177 822 Il.
192 762 261 822 XII.
277 782 334 835 442
351 765 384 821 ὧς
403 764 465 836 φάτ’
480 763 633 837 ἐποτρύνων,
648 767 673 820 οί
690 767 713 820 δ’
729 768 807 820 οὔασι
825 765 919 822 πάντες
938 764 1031 819 ἄκουον
1050 765 1100 823 ubi
1122 764 1285 826 Scholiasta

138 860 185 920 sic
203 861 403 938 interpretatur
420 864 451 918 οὗ
469 861 529 936 παρ’
543 843 653 935 ἐτέρων..
673 862 689 933 ἢ
707 861 926 933 ἀναπεπταμένοις
940 865 994 920 τοῖς
1012 864 1063 918 aba}
1083 862 1123 920 καί
1137 863 1283 935 προάίμανς.

137 960 265 1036 Anglice
280 960 403 1018 dicimus
418 964 425 990 ‘
424 959 495 1038 full
506 960 574 1018 τίνα’
588 961 635 1020 uel
650 961 796 1036 ‘siraz'ghl
810 968 836 1019 Ιο
854 961 898 1018 dhe
915 980 980 1018 ears
998 961 1037 1038 of
1046 961 1090 1018 the
1103 961 1191 1036 gods!
1234 961 1285 1020 Sic

138 1055 192 1117 LI.
212 1076 243 1116 11
272 1058 411 1134 gemina
438 1067 602 1134 teguntur
629 1057 776 1116 Lumina
802 1068 920 1129 nocte,
947 1076 1008 1116 nox
1035 1059 1154 1134 gemina
1181 1058 1286 1117 dicitur

138 1173 218 1232 quae
241 1156 369 1233 utrisque
392 1155 484 1215 oculis
506 1156 545 1216 ita
569 1156 675 1216 insedit
698 1166 729 1214 ut
750 1155 832 1215 uisus
854 1156 952 1216 omnis
976 1167 1107 1216 teneatur
1127 1166 1156 1215 et
1177 1157 1284 1216 obscu-

137 1262 227 1312 retur.

452 1401 689 1462 ADDENDvM
717 1401 755 1462 ad
779 1401 887 1462 ωιτν.
906 1421 972 1478 132.

182 1549 240 1608 Pro
258 1549 327 1610 aris
345 1559 402 1609 stat
416 1549 501 1609 etiam
516 1548 628 1608 Ennius
642 1549 842 1608 Andromach.
857 1548 891 1608 fr.
908 1552 1008 1623 75-80
1023 1549 1201 1631 (Ribbeck).

224 1683 396 1762 Qm'dpetam
403 1684 534 1761 praesidi
543 1691 594 1742 au!
605 1687 753 1758 exequar?
773 1702 858 1760 quoue
870 1701 944 1740 nunc

220 1783 344 1842 Auxilzb
357 1790 409 1842 aut
419 1785 495 1841 exili
504 1781 740 1860 aulsugaefreta
754 1786 839 1839 sum)

220 1881 296 1940 Arce
307 1888 334 1939 e!
344 1881 410 1940 urbe
422 1881 490 1939 orba
502 1899 571 1938 sum.
617 1879 676 1952 Quo
688 1880 835 1938 accidant)
854 1897 907 1955 quo
919 1881 1073 1956 applicem?

223 1979 298 2052 Quoi
308 2000 353 2038 nec
372 1999 452 2039 arae
470 1979 601 2055 patriae
620 1979 695 2036 domi
704 1985 789 2050 stant,
792 1978 910 2057 fractae
922 1985 949 2036 el
960 1978 1084 2036 dtkz'ectae
1097 1980 1192 2050 iacent,

220 2077 306 2137 Fana
311 2079 432 2156 flamma
446 2077 609 2154 deflagrata,
623 2079 689 2135 tosti
698 2078 754 2135 alti
763 2083 840 2134 slant
845 2078 963 2151 parietes

219 2177 384 2256 Deformati
392 2184 472 2253 atque
485 2176 567 2234 abiele
580 2177 680 2252 [νίφα.

456 2429 669 2490 EXCVRSVS
698 2432 735 2490 ad
760 2428 868 2488 LXIV.
892 2433 957 2504 287.

240 2577 463 2654 Magnessum
485 2578 650 2655 linquens
671 2577 775 2638 Doris
796 2579 1007 2639 celebranda
1027 2579 1175 2639 choreis.

177 2709 346 2772 Eustathius
370 2712 408 2772 ad
433 2711 524 2772 Hom.
544 2712 577 2772 Il.
598 2723 626 2771 B.
646 2715 704 2788 756
737 2717 790 2784 Τῆς
812 2715 841 2770 δέ
864 2714 1036 2785 κοταιιοίσεινς
1062 2721 1115 2770 τῶν
1136 2712 1281 2788 Ὀμηρικῶν

135 2811 282 2886 Μσγνάτων
294 2815 389 2884 σημεῖα
402 2813 444 2868 καί
459 2817 540 2868 ταῦτα
555 2814 625 2884 παρὰ
640 2816 678 2888 τῷ
695 2815 828 2886 Στράβωνι
844 2813 906 2883 δίχα
918 2818 969 2868 τένν
981 2815 1033 2885 πρὸ
1046 2813 1138 2887 ὀλίγον
1150 2812 1281 2884 ῥηθέντων

133 2914 196 2985 περί
218 2917 367 2984 Κραννῶνος
391 2912 431 2966 καί
451 2915 591 2982 Γυρτῶνος.
633 2912 711 2984 Φεραλ
731 2913 812 2984 πέρας
833 2913 903 2983 φησὶ
922 2917 974 2967 τῶν
993 2915 1167 2986 Πελασγικῶν
1185 2912 1281 2968 πεδίον

132 3011 200 3083 πρὸς
212 3013 244 3078 τῇ
258 3009 397 3082 Μαγνησίᾳ
415 3009 431 3064 ά
449 3012 594 3082 παρατείνει
612 3009 689 3083 μεχρλ
702 3007 804 3080 Πηλίου
819 3010 915 3065 στάδια
933 3010 1024 3065 ἑκατὸν
1042 3009 1172 3081 ἐξήκοντα.
1207 3011 1281 3083 λέγει

134 3109 164 3164 δέ
179 3109 220 3163 καὶ
238 3106 277 3163 ὅτι
293 3107 441 3182 πρόκεινται
459 3107 603 3182 Μαγνητινν
622 3111 698 3178 νῆσοι
717 3109 823 3165 Σκίαθος
836 3109 991 3182 Πεπάρηθος
1009 3113 1106 3180 Σκῦρος
1125 3109 1166 3162 καί
1186 3106 1278 3180 έτεραι.

134 3209 229 3280 άγοῧν
240 3205 335 3265 ταύτας
355 3206 429 3264 εἰδὼς
447 3207 524 3277 είδιίη
545 3207 577 3261 ἂν
597 3208 639 3262 καί
657 3206 703 3274 την
721 3207 806 3261 αὐτῶν
822 3206 930 3279 περαίαν
950 3206 1110 3278 Μαγνησίαν.
1145 3205 1174 3260 έν
1194 3204 1222 3259 δέ
1242 3227 1279 3280 την

133 3303 244 3381 τοιοίντην
264 3307 335 3381 τόπῳ
355 3306 427 3378 λέγει
448 3308 463 3360 ὁ
481 3305 635 3378 γεωγράφος
656 3306 697 3360 καί
718 3303 759 3359 ὅτι
780 3305 898 3374 μάλιστα
919 3304 948 3359 δέ
970 3304 998 3358 έν
1017 3301 1124 3374 ὀνόματι
1142 3301 1280 3358 τοιπεστιν

134 3403 267 3475 ὀνομαστή
287 3404 302 3475 ἦ
321 3408 416 3476 Σκῦρος
434 3405 476 3460 διὰ
495 3403 541 3472 την
554 3403 717 3475 Λυκομήδους
728 3404 794 3475 πρὸς
807 3401 933 3474 Ἀχιλλέα
949 3402 1090 3471 οίκειάιητα
1107 3403 1149 3456 καί
1168 3401 1214 3471 τίην
1232 3405 1280 3456 τοῦ

134 3503 320 3573 Νεοπτολέμου
344 3503 397 3557 έκεῖ
417 3501 538 3574 γέννησιν
559 3504 600 3557 καί
620 3499 722 3574 τροφίην
840 3501 977 3571 ὕπαδηλῶν
998 3499 1027 3555 δέ
1051 3501 1092 3555 καί
1115 3500 1152 3556 είς
1174 3497 1240 3553 ὅσον
1264 3501 1279 3553 ὁ

133 3601 241 3672 ποιητὴς
260 3601 321 3658 τοὺς
340 3599 400 3672 παρ’
419 3601 488 3674 αὐτῷ
508 3598 616 3656 τούτους
635 3599 840 3671 ε’στενοχάνρησε,
862 3599 934 3671 λέγει
954 3596 994 3654 ὅτι
1014 3599 1152 3671 Μάγνητας
1171 3595 1279 3654 τούτους

134 3701 271 3771 νομιστέον
284 3700 343 3758 τοὺς
360 3699 431 3755 έντὸς
448 3703 500 3754 τῶν
516 3703 624 3769 Τεμπῶν
641 3698 692 3753 άπὸ
706 3700 817 3766 Πηνεῖου
837 3700 878 3752 καί
891 3697 998 3766 'Oeam
1018 3697 1066 3755 ἔινς
1085 3698 1230 3768 Πηλίου..
1247 3739 1278 3754 ..

133 3798 223 3852 ἰστέον
236 3797 265 3852 δι’
279 3798 321 3852 καὶ
334 3795 374 3851 ὅτι
387 3799 403 3850 ὅ
416 3797 444 3851 ἐκ
458 3798 570 3869 νεφελης
583 3799 726 3870 Κένταυρος
740 3797 847 3867 Μάγνης
862 3794 901 3867 ἤν,
915 3795 950 3853 ὣς
968 3797 996 3850 ἐν
1011 3799 1065 3852 τοῖς
1083 3800 1130 3850 τοῦ
1148 3796 1279 3868 Πινδάρου

133 3895 265 3965 δηλοῦται,
287 3893 316 3951 ὃς
336 3896 378 3950 καὶ
397 3892 561 3969 Μαγνησίαιι
580 3892 700 3950 ίπποιτιν
722 3892 821 3967 (codd.
836 3893 933 3966 ίππαν)
956 3893 1230 3966 συναναχρωννύμενοι
1250 3895 1280 3949 έκ

133 3991 252 4048 τοιούτου
274 3993 424 4066 σπέρματος
446 3994 506 4050 τοὺς
531 3991 746 4065 ίπποκενταάρους
770 3994 856 4067 ἔφηνε.
900 3990 983 4051 Pind.
998 3991 1080 4068 Pyth.
1097 3991 1136 4050 II.
1153 4011 1190 4063 44
1213 3993 1277 4047 Κέν-

133 4111 228 4163 ταυρον
246 4087 275 4148 ὃς
291 4086 298 4166 Ι
315 4088 420 4146 ίπποιαι
439 4091 651 4164 Μαγνητίδεσσιν
669 4090 782 4164 ἐμίγνυτ’
800 4092 829 4146 έν
841 4090 943 4146 Παλίου
961 4085 966 4169 Ι
984 4093 1106 4162 σφυροῖς.
1148 4088 1228 4146 Hinc
1249 4097 1278 4146 et

133 4187 214 4264 quod
236 4185 374 4248 Centauri
395 4205 463 4246 cum
484 4186 671 4264 Magnetibus
691 4189 916 4265 coniunguntur,
934 4177 1065 4264 inprimi‘s
1078 4185 1215 4257 Cheiron‚
1230 4187 1277 4245 cui

133 4288 269 4360 Μάγνητες
291 4285 409 4357 άπαρχίις
430 4288 573 4358 κομίζουσι·
592 4285 659 4359 ῥίζαι
679 4289 730 4360 γάρ
751 4287 804 4344 είσι
824 4289 866 4344 καλ
884 4289 992 4352 βοτάναι
1014 4285 1047 4341 δι’
1066 4287 1101 4340 ὧν
1121 4289 1196 4340 ίῶντο
1216 4286 1277 4342 τούς

132 4385 273 4456 τάμνονται
296 4382 452 4457 (Plutarch.
473 4383 606 4461 SympOS.
622 4383 677 4443 111.
693 4387 731 4458 1),
757 4383 932 4461 Magnessas
955 4383 1012 4442 hoc
1037 4382 1105 4442 loco
1128 4380 1276 4443 Catullum

662 4505 686 4550 U
700 4507 721 4548 U
738 4507 756 4554 2
