3142 5059
313 385 373 440 ³40
770 379 991 442 EXCVRSVS.

309 581 378 624 ann.
393 561 467 623 AV.
477 561 511 624 C.
524 576 583 640 730
592 561 667 622 ΑΕ.
680 583 716 636 24
729 581 765 622 ex
774 563 915 624 Suetonio
927 563 1001 623 haec
1013 561 1083 623 dicit
1095 559 1248 634 osam
1256 560 1458 622 Cremonensis

317 661 436 738 Vergrir'r'
456 669 484 722 et
501 661 624 722 Horatii
642 664 747 722 ammes
770 665 896 722 morsiur.
938 661 986 722 De
1009 661 1139 722 eiusdem
1160 670 1254 720 morte
1274 660 1391 736 scripsit
1412 659 1458 717 ad

310 759 469 836 Vergilium
491 760 631 820 Horatius
650 759 683 820 C.
698 759 721 820 1.
740 779 785 832 24,
808 760 930 820 ῑ2η2222
954 761 1041 819 etiam
1063 759 1158 830 1.1s;
1186 775 1320 818 seuemm
1345 757 1458 816 earmi-

308 875 381 918 num
400 857 524 918 iudicem
543 859 620 920 idem
639 859 785 935 praedicat
799 859 834 917 A.
851 859 883 916 Ρ.
898 861 967 932 438,
980 859 1029 916 ubi
1050 857 1146 918 Schol.
1160 857 1248 934 Cruq.
1265 855 1340 917 haec
1360 854 1457 913 babet

307 955 353 1014 hic
372 963 437 1016 erat
457 955 609 1028 anirirus
629 955 729 1028 Varus,
747 963 825 1032 poeta
846 957 1037 1016 Cremonensis
1052 963 1188 1032 patronus
1208 961 1236 1013 e!
1251 955 1357 1013 arns'cm
1377 953 1458 1010 Ver·

302 1055 378 1130 gr'ls's',
401 1055 581 1132 Porphyrion
601 1055 673 1116 haec
692 1056 736 1114 lrr'c
756 1063 822 1114 erat
840 1054 994 1126 Quintriuu
1016 1055 1108 1114 Varus
1127 1054 1321 1114 Cremonensis
1342 1053 1456 1110 aarum

317 1151 435 1230 Vergr'lri'
450 1171 527 1228 eques
539 1151 688 1212 Romanus
702 1153 883 1232 (Schwabius
897 1153 1017 1226 Quaest.
1031 1151 1134 1212 Catuli.
1154 1171 1204 1229 pp.
1220 1148 1341 1226 apr-3).
1382 1149 1456 1208 lam

308 1247 334 1306 si
352 1247 398 1308 hic
413 1249 570 1320 Quintilius
589 1261 618 1309 et
637 1261 724 1326 poeta
742 1251 796 1311 suit
808 1263 838 1310 et
851 1250 1059 1310 Cremonensis
1071 1260 1101 1310 et
1115 1251 1226 1309 amicus
1239 1248 1360 1324 Vergili,
1373 1246 1455 1305 baec

308 1347 408 1406 omnia
426 1359 485 1406 tam
504 1349 620 1424 egregie
639 1351 667 1408 in
681 1350 794 1409 Varum
812 1350 988 1410 conueniunt
1006 1367 1095 1425 quem
1108 1348 1261 1424 Virgilium
1273 1347 1401 1405 uidimus
1420 1347 1454 1403 in

309 1445 427 1524 Eclogis
451 1467 638 1522 memorasse,
661 1461 692 1509 ut
715 1451 803 1510 iidem
825 1469 890 1510 esse
913 1469 982 1510 uere
1004 1460 1169 1526 arguantur.
1211 1447 1290 1506 Nam
1308 1444 1352 1525 (α)
1367 1447 1454 1523 quod

309 1543 515 1606 Cremonensis
536 1546 587 1608 luit
608 1548 665 1609 huc
686 1569 722 1608 ex
743 1561 825 1627 parte
845 1549 969 1626 pertinet
981 1547 1108 1606 Mantua
1127 1567 1180 1606 uae
1197 1549 1314 1620 mr'qerae
1330 1547 1453 1603 minium

309 1645 401 1702 uerna
424 1645 626 1719 Cremonae,
648 1645 688 1726 (b)
710 1649 791 1725 quod
812 1649 922 1708 amicus
941 1647 1057 1724 Vergili,
1077 1647 1124 1705 hic
1145 1655 1175 1704 et
1195 1645 1324 1720 Eclogae
1344 1655 1453 1703 sextae

309 1740 379 1802 Vari
398 1762 507 1804 nomen
526 1747 716 1824 praescripsit,
733 1757 762 1806 et
779 1748 908 1808 carmina
924 1765 977 1806 sua
993 1747 1119 1806 necdum
1137 1745 1266 1822 perlecta
1282 1754 1316 1803 ut
1332 1743 1451 1818 optimo

307 1841 394 1902 iudici
409 1845 547 1902 recitabat
562 1841 600 1924 (c)
615 1845 695 1921 quod
710 1855 805 1922 poeta,
815 1864 883 1904 cum
895 1845 991 1904 Cinna
1005 1845 1149 1920 Zmyrnae
1162 1845 1302 1920 scriptore
1316 1859 1449 1901 eorume-

308 1951 437 2000 moratru
451 1961 469 2000 a
482 1943 620 2019 Vergilio.

348 2039 401 2098 Est
420 2041 505 2116 igitur
518 2040 628 2118 Vergili
642 2041 737 2102 Varus
756 2043 835 2102 idem
854 2060 888 2102 ac
901 2041 1012 2102 Vanus
1025 2041 1149 2118 Apuleii.
1190 2039 1255 2099 Nec
1269 2040 1374 2099 desunt
1391 2039 1452 2098 alia

307 2139 441 2216 exempla
455 2157 529 2216 quae
549 2159 603 2218 pro
617 2141 672 2200 hac
686 2141 780 2200 forma
797 2151 874 2201 stent
886 2141 1028 2200 uocabuli.
1071 2138 1149 2198 Nam
1168 2139 1199 2197 in
1211 2139 1300 2215 Verg.
1314 2138 1377 2197 Ecl
1392 2139 1449 2196 IX.

310 2249 346 2310 27
362 2255 437 2298 unus
452 2239 545 2299 codex
560 2239 648 2299 habet
670 2239 755 2298 Varo
768 2259 804 2298 ex
826 2239 919 2298 Varro
934 2249 966 2298 ut
983 2238 1097 2298 uidetur
1114 2248 1227 2308 ortum3
1257 2237 1367 2296 Varrus
1380 2237 1450 2296 cort

308 2333 459 2396 Mediceus
480 2337 576 2396 Taciti
600 2337 675 2396 Hist.
698 2337 749 2395 IV.
772 2339 820 2408 68,
842 2337 958 2396 codices
979 2337 1088 2412 aliquot
1109 2334 1188 2395 Persi
1207 2335 1237 2394 S.
1257 2334 1311 2394 IV.
1329 2353 1377 2404 12,
1393 2335 1450 2393 VI.

311 2435 357 2504 18,
371 2432 471 2506 Quint.
488 2434 539 2494 VI.
556 2455 582 2511 3.
599 2439 646 2510 78,
668 2434 759 2494 Verri
769 2435 834 2495 cod.
849 2435 880 2494 B
894 2434 990 2494 Schol.
1005 2433 1196 2494 Bemeusium
1209 2433 1247 2492 ad
1260 2433 1321 2492 Ecl.
1333 2433 1388 2493 VI.
1401 2451 1449 2509 17·

316 2532 407 2594 Varro
421 2537 523 2596 eadem
538 2537 648 2597 scholia
661 2537 722 2596 Ecl.
733 2537 786 2596 VI.
799 2555 845 2612 13.
888 2535 979 2594 Simili
992 2535 1082 2595 modo
1100 2533 1174 2592 Varo
1189 2533 1289 2605 Varro,
1307 2533 1451 2594 Varom'us

315 2630 477 2706 Varronr'ur,
499 2633 674 2694 Varomizrtus
696 2634 899 2705 Varronianus,
920 2635 993 2692 inter
1013 2651 1045 2692 se
1068 2643 1214 2692 mutantur
1234 2633 1265 2696 iu
1285 2633 1449 2709 inscriptio

309 2729 394 2788 nibus
419 2729 571 2808 (Momms.
587 2731 621 2790 C.
637 2733 660 2791 Ι.
675 2730 708 2790 L.
725 2733 749 2792 I.
771 2750 800 2808 p.
816 2745 885 2806 522,
906 2731 930 2790 Ι.
946 2729 982 2789 R.
998 2731 1036 2791 N.
1058 2745 1147 2806 4274,
1168 2729 1205 2790 cf.
1226 2731 1264 2790 ib.
1280 2749 1327 2804 23,
1344 2729 1449 2809 4362),

308 2835 338 2886 et
358 2827 455 2887 numis
475 2827 626 2907 (Momms.
647 2828 685 2888 de
705 2829 829 2888 Moneta
842 2829 1044 2890 Romanorum
1063 2847 1093 2906 p.
1109 2843 1177 2903 472,
1192 2829 1229 2887 ib.
1246 2847 1274 2905 p.
1290 2830 1364 2907 504)
1378 2847 1448 2890 cum

307 2924 412 3003 quibus
439 2927 637 3002 comparanda
664 2937 730 2986 sunt
758 2926 838 2999 Sura,
862 2927 952 2998 Nata,
979 2926 1062 2999 Cirta,
1089 2927 1167 2996 Cata,
1192 2925 1298 2998 Gele'us,
1322 2927 1449 3004 pupas,

308 3023 425 3094 Remirs,
449 3022 589 3096 Sarames,
615 3023 984 3098 Soma,Mem1us,Alsus
1007 3043 1081 3103 quae
1105 3023 1295 3085 Mommseno
1318 3035 1392 3085 teste
1417 3027 1447 3085 iu

309 3123 381 3182 libro
404 3123 441 3182 de
463 3121 584 3182 Moneta
607 3121 809 3183 Romanorum
833 3143 883 3201 pp.
899 3137 998 3198 472,ι
1024 3125 1193 3201 plemmque
1217 3123 1259 3183 sic
1284 3124 1449 3184 scribuntur

309 3223 339 3280 in
362 3223 458 3281 numis
482 3235 548 3282 ante
573 3221 689 3282 Sullam.
732 3221 792 3282 Sed
812 3239 980 3300 quanquam
999 3221 1109 3281 Varrus
1132 3221 1239 3298 duplici
1262 3241 1276 3280 r
1297 3241 1361 3282 non
1382 3242 1449 3284 raro

310 3319 411 3398 legitur
433 3322 463 3380 in
487 3320 644 3392 codicibus,
662 3337 724 3379 non
750 3320 824 3380 adeo
847 3321 944 3380 bonae
968 3321 1145 3380 auctoritatis
1165 3331 1210 3382 est
1229 3330 1262 3379 ut
1280 3321 1312 3380 id
1332 3321 1449 3382 Catullo

343 3597 353 3630 ¹
370 3599 474 3648 Donatus
491 3601 514 3646 in
525 3599 580 3646 Vita
591 3598 676 3663 Vergili
688 3595 719 3646 62
733 3597 838 3662 (Hagen)
854 3598 919 3646 Vnde
927 3599 1021 3659 sasrsm
1037 3609 1070 3646 ess
1085 3607 1111 3646 ut
1125 3613 1179 3647 um
1194 3598 1269 3646 uim
1283 3597 1408 3662 angues:
1424 3601 1449 3648 s'n

311 3697 389 3732 sorum
406 3695 477 3744 agros
494 3689 610 3728 uueram
628 3681 710 3728 deduci
726 3680 830 3737 iussisset,
846 3695 892 3727 non
908 3681 1030 3744 sufficimus
1044 3695 1106 3745 agro
1122 3681 1307 3728 nemmem
1318 3679 1449 3728 Mmeuani

311 3764 740 3828 puoqusinpuiiuseratetiamposta
755 3765 1450 3830 Vergiliusmasimampartemfins'umsummpndersnt

310 3863 336 3896 eo
355 3847 417 3910 guod
437 3847 508 3894 etiami
529 3847 713 3896 Cremonensibus
728 3848 835 3908 ficerunt.
874 3849 922 3897 Sed
943 3849 1059 3914 Vergilius
1080 3850 1160 3896 merito
1181 3850 1310 3896 minum
1325 3850 1407 3909 srstus
1427 3859 1451 3896 st

312 3929 439 3978 amicitis
460 3930 637 3990 quorundam
659 3932 822 3992 potentium
840 3931 1049 3980 mwionidrrio
1066 3946 1120 3979 eum
1134 3931 1237 3980 oleum
1251 3946 1322 3978 arnus
1337 3941 1394 3978 mest
1408 3931 1448 3979 ills

310 4011 1448 4079 “admutnrihsodgludismmanumadmoumwnsquuinsugampron'psisrumnm

309 4094 1447 4162 pmmfiruspmupmdifuu,quammmfiuuiumVoegilimonissimuotqurtuinulmm

312 4181 389 4242 ripam
403 4177 543 4225 marsuas.
575 4175 623 4224 Sed
634 4186 712 4238 paura
728 4187 749 4226 er
762 4186 806 4240 per
821 4178 977 4227 amman
992 4188 1070 4241 seper
1085 4180 1219 4227 asumuass
1233 4180 1300 4244 agris
1315 4180 1448 4228 muamus

318 4263 407 4310 Varum
413 4259 541 4308 Pollionem
552 4269 573 4307 st
584 4259 715 4307 Cornelium
724 4260 820 4308 Gallum
824 4262 896 4322 sama
906 4263 1036 4308 carminum
1046 4263 1216 4309 commendatus
1224 4261 1334 4326 Augusto
1344 4271 1366 4310 st
1376 4277 1449 4328 agros

312 4345 392 4406 recepit
406 4352 427 4390 st
439 4343 540 4405 deinceps
554 4341 703 4405 Impmutoris
713 4341 835 4403 familiari
845 4345 947 4392 mairia
959 4345 1086 4406 perfruitus
1096 4353 1136 4393 κε.
1170 4345 1215 4392 liic
1225 4345 1266 4406 qui
1276 4344 1345 4392 amici
1356 4345 1448 4406 quidam

314 4433 415 4486 potentes
427 4425 496 4472 iidem
508 4425 637 4474 doctum
647 4425 715 4473 turba
722 4433 839 4486 pountum
849 4424 873 4472 in
884 4426 960 4473 Fcere
971 4427 1025 4474 Vite
1037 4427 1122 4489 Vergili
1134 4427 1168 4490 (u.
1179 4425 1222 4489 22)
1234 4427 1347 4474 dimumr.
