3142 5059
413 363 614 426 ADDENDA
638 364 764 426 NOTIS
790 364 980 426 CRITICIS.
1204 368 1262 423 353

118 550 270 628 efferimus.
320 549 360 608 In
379 569 431 627 quo
447 551 608 628 perlegenda
628 551 772 610 maxumas
792 559 901 628 luaep.
920 551 1034 629 granas
1054 547 1154 609 babela
1174 549 1205 608 si
1221 550 1268 608 uli

119 667 213 707 meam
238 649 400 708 deuoluanem
426 655 452 708 el
476 649 677 708 alsemannum
703 650 934 709 annumerare
960 650 1001 708 ila
1028 655 1155 708 recessura
1176 649 1267 707 saltas

120 747 335 806 recordaubnem
361 747 393 806 de
420 765 460 806 nu
487 747 744 823 lemuolcuaamque
769 749 935 807 seruaturus.
985 744 1059 805 Rem
1085 765 1150 805 uera
1175 748 1264 822 msam

120 845 190 904 adea
201 855 319 923 gratam
331 854 358 904 el
371 847 463 905 amata
476 855 522 905 luo
535 853 668 922 acceptam
677 845 749 924 sore
761 847 858 904 numa
870 853 904 906 ul
913 848 1109 905 concultatum
1122 847 1266 923 grauntat«

120 945 330 1020 scripturarum
348 945 526 1022 sintellanem
545 953 624 1021 alque
639 944 777 1003 dulcedine
790 962 844 1003 non
857 946 941 1021 prius
954 945 986 1002 de
998 963 1082 1002 manu
1095 943 1265 1020 depositurus

122 1043 237 1101 utiIeare
249 1063 332 1120 quam
346 1045 463 1102 auerlice
475 1043 516 1100 ad
525 1044 624 1102 calcem
636 1062 720 1119 usque
727 1043 885 1120 perlegens.
913 1043 985 1103 Vale.

167 1143 308 1235 Eiusdem
329 1174 453 1235 Guarini
474 1195 511 1235 ex
535 1173 674 1253 Epistulis
701 1193 824 1251 quarum
851 1171 954 1234 LXIII
979 1184 1081 1234 extant
1107 1173 1138 1232 iu
1162 1171 1264 1233 codice

123 1271 293 1332 Balliolensi
310 1275 366 1349 136
381 1273 452 1333 haec
467 1273 607 1351 excerpsi,
622 1291 697 1350 quae
711 1273 749 1332 ad
763 1271 910 1332 Catullum
923 1270 1021 1332 referri
1034 1271 1177 1332 uidentur.

166 1401 213 1461 Ex
233 1403 364 1480 Epistula
385 1405 545 1477 anni144n
569 1403 609 1484 (p.
623 1402 692 1482 125)
712 1403 856 1482 Magnum
877 1405 954 1463 κίᾰιο
972 1404 1026 1463 till
1043 1410 1191 1480 susceptum
1211 1421 1266 1460 esse

123 1496 246 1560 laborm
260 1509 292 1560 ul
312 1501 460 1580 Virgilium
473 1511 575 1563 uerlas.
617 1502 662 1563 Cf.
677 1502 740 1562 Cat
756 1501 865 1562 CXVI.
880 1517 908 1577 5.

167 1632 199 1692 P.
218 1652 271 1692 121
303 1637 431 1693 memoria
454 1637 531 1694 omui
553 1635 662 1693 dula'm
687 1633 827 1692 ambrosia
852 1635 946 1710 pascal
970 1635 1084 1691 am'ntos.
1131 1630 1176 1691 Cf.
1200 1629 1264 1690 Cat.

125 1730 237 1792 XCIX.
255 1752 280 1790 a.

297 2157 580 2232 ADDENDA
625 2158 796 2233 NOTIS
835 2157 1088 2232 CRITICIS.

168 2419 220 2478 XI.
236 2422 263 2478 8.
285 2419 365 2497 Eprs
381 2432 438 2497 pra
457 2439 584 2497 aequora
604 2419 638 2492 0,
659 2421 729 2478 uude
749 2420 930 2497 confirmatur
948 2421 983 2478 id
998 2420 1073 2496 quod
1090 2420 1146 2496 ipse
1166 2421 1270 2496 scripsi

126 2515 281 2579 LXXVI.
298 2537 331 2577 11
349 2519 433 2578 istinc
446 2529 474 2578 te
488 2520 536 2596 ipe
546 2530 601 2596 pro
614 2519 809 2595 instinctuque
824 2519 869 2577 uel
878 2519 1081 2596 instinctuque.

169 2657 283 2717 XXIII
300 2677 326 2717 a.
347 2659 443 2718 cimex
456 2655 492 2717 al’
510 2657 543 2719 0.

168 2799 264 2860 XXV.
281 2813 308 2876 7.
332 2799 527 2877 Calagrapbas
543 2819 598 2858 csse
618 2801 716 2860 anulos
733 2801 901 2878 mursae
919 2818 975 2858 nou
994 2801 1082 2859 salum
1101 2801 1193 2860 addila
1212 2803 1267 2877 epi·

127 2899 198 2958 llsela
208 2899 332 2976 Thynos
345 2899 535 2977 confirmatum
549 2897 639 2972 habea,
652 2898 702 2957 sed
710 2900 792 2957 ettam
804 2918 833 2957 ea
845 2899 1053 2978 quodsaauon'
1062 2898 1163 2958 Thalli
1171 2902 1268 2959 meltius

126 2999 169 3055 sic
184 2997 324 3073 respondet
333 2997 517 3073 suppletum
539 3015 605 3056 nam
618 3006 651 3057 ul
661 2998 707 3057 hic
721 2998 904 3076 catagrapha
921 3017 988 3074 quos
1008 2999 1152 3057 mualaral
1164 3019 1268 3058 usurus

114 3095 187 3174 suit
204 3097 246 3154 ad
261 3095 399 3172 martanda
418 3115 450 3154 ea
469 3115 539 3172 quae
545 3097 671 3174 suralus
689 3103 737 3168 esl,
751 3096 925 3172 sicflagellis
941 3096 1071 3156 Catullus
1089 3098 1188 3173 quibus
1207 3116 1268 3154 eum

126 3201 259 3270 lanqueum
264 3192 366 3270 furem
372 3192 463 3271 furti
471 3195 561 3270 segusa
573 3193 796 3252 cartscriballaret.
839 3191 888 3270 ΟΛ
903 3191 994 3252 Sclal.
1009 3192 1096 3251 Bern.
1114 3191 1195 3254 Geor.
1209 3191 1234 3249 J
1237 3193 1267 3252 V.

128 3307 198 3368 559.
240 3291 341 3350 Timet
361 3309 399 3349 ne
416 3292 480 3368 quis
500 3292 553 3350 sibi
573 3291 683 3351 inuolet
702 3309 778 3368 opus
798 3309 884 3349 suum
902 3301 930 3350 et
948 3293 1052 3367 signet,
1067 3291 1165 3367 quibus
1177 3291 1269 3349 tarbis

123 3377 191 3466 pen'e
217 3389 343 3448 allusisse
370 3389 480 3448 utiletur
509 3387 621 3448 Catulli
646 3391 743 3447 uersus·
768 3389 896 3448 Remitte
924 3389 1045 3464 pallium
1071 3388 1142 3447 mihi
1169 3407 1268 3448 meum

127 3487 209 3566 quod
223 3488 366 3547 inuolasti.

169 3627 297 3687 XXVII.
314 3646 340 3686 n.
361 3625 458 3703 Inger.
495 3623 544 3702 Cf.
561 3622 652 3683 Gloss.
665 3623 748 3682 Bodl.
771 3624 881 3684 Poster.
895 3623 990 3683 hodie.
1005 3641 1076 3684 cras.
1117 3624 1269 3701 Appendzlu

128 3725 223 3785 Probi
243 3743 308 3802 197,
332 3738 367 3800 27
387 3723 463 3782 Ka'l.
484 3724 617 3783 ‘sobrius
636 3741 697 3784 non
716 3724 811 3795 suber,
825 3723 931 3799 figuius
951 3741 1012 3782 non
1031 3723 1107 3800 figel,
1122 3724 1269 3784 masculus

129 3831 213 3884 ‘non
223 3824 339 3896 mascel,
348 3824 488 3883 barbarus
498 3841 560 3882 non
570 3824 682 3895 barber,
692 3841 790 3882 carcer
799 3840 861 3882 non
871 3822 1003 3883 carcere!
1023 3822 1074 3902 Cf.
1082 3821 1268 3884 Schuchardt.

136 3923 307 3982 Vokalismus
320 3921 367 3982 II.
383 3925 431 3980 88.

171 4065 312 4124 XXXVI.
328 4067 354 4123 8.
381 4063 446 4148 VIV‘
459 4061 641 4123 Schuchardt
660 4063 830 4122 Valalismus
843 4063 889 4122 des
909 4062 1127 4142 Vulgaerlala'us
1140 4062 1187 4122 II.
1203 4081 1269 4139 199,

131 4166 180 4224 uli
190 4165 334 4225 ustilanda
347 4170 443 4240 sepum
456 4163 587 4237 exemplis
600 4165 722 4239 annau&
734 4163 888 4241 confirmat.

82 4277 85 4284 ’
170 4301 233 4360 LV.
251 4303 370 4375 ηυγ).
391 4298 435 4358 lac
456 4299 528 4360 tecle
549 4319 576 4370 a,
595 4301 665 4357 unde
685 4307 712 4358 ct
728 4319 768 4358 ex
788 4318 817 4358 ea
836 4301 911 4376 quod
926 4301 1027 4362 halent
1041 4301 1222 4360 Banam'enss's
1242 4307 1271 4359 et

131 4399 329 4476 Phellmpenszs
342 4398 514 4457 lacusteolae
529 4397 644 4474 colliga,
660 4399 798 4475 scriptum
812 4398 913 4458 fuisset
925 4401 956 4458 in
969 4406 996 4463 A
1010 4406 1147 4469 Iac'teole.

668 4551 722 4596 ZZ
