3142 5059
313 393 372 450 306
774 383 986 450 EXCVRSVS

310 589 455 648 namque
483 582 518 630 tu
545 570 682 631 solebas
709 581 829 648 putare
854 585 930 632 esse
956 569 1087 648 aliquid
1113 568 1175 650 (uel
1200 567 1337 646 aliquid
1362 565 1455 644 esse)

310 685 404 729 meas
431 687 548 746 nugas,
577 684 637 728 non
665 668 745 746 quod
770 667 918 746 Hauptius
944 669 1042 746 posuit
1069 665 1186 744 Nugas
1213 684 1294 726 esse
1320 662 1455 742 aliquid

309 784 402 827 meas
429 778 556 845 putare.
597 766 662 827 Nec
683 767 707 826 si
721 766 831 827 Plinius
844 762 949 827 Catulli
968 767 1059 828 uerba
1078 775 1191 826 mumto
1206 764 1328 843 quidem
1348 763 1454 823 ordine

309 865 363 925 sed
382 876 497 926 seruato
515 875 609 926 metro
630 867 768 927 uoluisset
788 865 915 937 laudare,
928 863 960 926 id
979 863 1123 926 dicturum
1145 864 1235 925 credo
1256 863 1347 924 fiisse
1372 861 1456 940 quod

311 963 443 1042 Haupu'o
457 965 565 1042 placuit
582 963 635 1024 sod
651 963 748 1042 potius
769 962 916 1024 Nostrae
937 979 1016 1024 esse
1036 962 1166 1040 ailquid
1189 971 1312 1040 putare
1334 978 1455 1036 nugas,

310 1063 423 1126 utiam
443 1064 514 1125 cim
536 1063 723 1124 coniecerunt
739 1062 864 1123 Vossius
887 1069 917 1123 et
939 1057 1087 1122 Mercibus
1110 1062 1142 1121 in
1167 1060 1388 1120 commentariis
1415 1058 1454 1117 ad

309 1159 465 1222 Catullum.
508 1158 553 1242 (a)
578 1161 693 1221 Incerta
716 1170 761 1222 est
787 1158 954 1222 emendatio
980 1159 1096 1220 obiter
1121 1159 1304 1220 emolliam.
1349 1157 1456 1230 Quan-

312 1277 401 1337 quam
424 1260 502 1319 enlm
526 1269 644 1336 propter
666 1261 835 1337 oppositum
855 1255 1089 1320 duriusculum
1111 1258 1227 1336 probari
1248 1267 1372 1335 poterat,
1395 1257 1456 1316 boc

310 1367 409 1417 tamen
429 1357 526 1416 minus
546 1357 635 1417 babet
655 1357 918 1418 commendationis
931 1353 1012 1435 qnod
1031 1355 1146 1417 sublato
1166 1357 1306 1417 obicere
1330 1354 1455 1415 moliar

310 1455 359 1516 uix
375 1455 518 1515 inueneris
539 1465 684 1516 castrense
697 1457 820 1515 uerbum
835 1455 991 1535 (udgnua's
1009 1465 1043 1516 et
1062 1452 1124 1533 loc)
1139 1455 1221 1533 quod
1241 1465 1310 1515 ante
1329 1454 1453 1514 alterum

310 1553 380 1613 iliud
415 1563 676 1613 conterraneum
710 1554 839 1630 posuerit
871 1553 989 1614 Plinius.
1046 1549 1160 1614 Contra
1190 1563 1220 1612 et
1249 1553 1391 1612 obicere
1424 1560 1454 1609 et

310 1651 432 1712 moliar
451 1670 488 1711 ex
509 1652 609 1712 castris
630 1661 697 1712 sunt
716 1651 880 1730 desumpta
919 1651 958 1712 Et
977 1651 1116 1712 obicere
1141 1651 1262 1728 quidem
1282 1649 1372 1709 babet
1390 1650 1454 1708 nim

310 1767 413 1822 suant3
434 1750 493 1808 iam
507 1749 585 1808 enim
599 1767 635 1808 ex
645 1719 893 1810 Catullo'uidetur
906 1750 1011 1810 citasse
1024 1745 1120 1829 (xiv.
1135 1745 1166 1827 a)
1188 1747 1451 1816 iucundissime,

310 1858 343 1908 ut
356 1865 418 1908 non
432 1847 495 1906 sine
509 1865 597 1906 causa
610 1855 832 1907 conterraneum
845 1866 931 1907 suum
939 1844 1112 1925 Imperatori
1123 1863 1157 1906 se
1169 1845 1316 1906 obiectare
1328 1845 1452 1905 dixerit:

310 1963 366 2006 nec
379 1945 532 2006 uerisimile
546 1954 591 2005 est
611 1946 725 2006 obiter
743 1945 791 2006 hle
804 1956 973 2024 corruptum
986 1944 1085 2016 fuisse,
1097 1941 1181 2022 quod
1191 1945 1360 2022 incorrupte
1373 1943 1452 2004 Idem

309 2042 452 2122 legatur)
470 2047 506 2104 28
531 2053 568 2103 ut
587 2045 703 2104 obiter
726 2061 878 2117 caueam,
900 2041 945 2125 (3)
965 2039 1171 2122 permutatis
1189 2043 1370 2121 prioribus
1388 2041 1453 2121 syl·

310 2141 403 2202 iabis
421 2141 574 2202 obscurius
585 2141 656 2202 dixit
664 2141 772 2202 Plinius
783 2143 855 2202 sieo
865 2161 955 2202 sensu
964 2141 1036 2202 dixit
1049 2157 1137 2220 quem
1147 2139 1453 2219 ponitMommsenus,

310 2239 339 2300 h.
350 2259 375 2300 e.
390 2239 478 2318 longa
492 2241 586 2318 prIrna
602 2241 712 2318 syllaba
724 2259 827 2302 uersus
840 2243 871 2301 iu
888 2243 1009 2301 breuem
1025 2251 1144 2313 mumts,
1156 2249 1189 2300 ut
1211 2254 1308 2299 meas
1328 2239 1454 2298 iambice

311 2339 449 2400 scriberet
477 2357 539 2399 non
567 2339 719 2416 spondaeo
746 2340 1088 2417 uteretur-praesertim
1115 2355 1192 2410 curn,
1211 2347 1245 2399 ut
1264 2337 1334 2410 dui,
1357 2340 1453 2415 Ipsum

311 2455 429 2498 uersum
451 2455 512 2498 non
533 2437 685 2498 emollierit
705 2436 824 2510 Plinius,
844 2439 900 2498 nisi
923 2438 997 2498 iorte
1019 2439 1147 2498 emollire
1171 2447 1217 2497 est
1238 2433 1302 2497 sine
1325 2436 1455 2496 numeris

313 2536 451 2614 prolerre.
493 2533 538 2614 (4)
558 2536 588 2596 Si
603 2537 800 2598 duriusculum
818 2556 851 2597 se
864 2537 932 2598 iecit
945 2537 1076 2598 &nilus
1096 2537 1167 2596 dum
1186 2533 1289 2596 iambis
1308 2533 1341 2594 in
1360 2536 1454 2612 prima

312 2633 382 2694 sede
396 2651 451 2711 pro
470 2633 628 2711 spondaeis
641 2635 736 2706 utitur,
751 2653 807 2694 nec
826 2652 859 2694 se
875 2645 973 2694 tamen
993 2633 1190 2694 duriusculum
1209 2631 1327 2692 uolebat
1346 2631 1455 2690 existu-

312 2731 385 2790 mari
407 2731 606 2792 aVeranIoIIs
627 2733 687 2792 suis
707 2742 737 2792 et
756 2731 892 2804 Fabullis,
913 2734 1019 2792 misum
1038 2742 1083 2792 est
1102 2750 1171 2792 eum
1190 2731 1221 2790 in
1241 2731 1306 2808 ipso
1326 2729 1454 2790 carmine

313 2829 392 2888 unde
419 2827 491 2889 haec
516 2830 639 2907 sumpsit
659 2829 767 2890 Plinius
792 2829 879 2910 (XII)
903 2831 1033 2890 iambum
1059 2831 1091 2890 in
1112 2832 1207 2908 prima
1227 2829 1296 2889 sede
1319 2829 1454 2906 posuisse

311 2947 374 3004 u.9
399 2926 560 2990 DIsertus
587 2948 672 3007 puer
700 2942 732 2990 et
759 2930 974 2990 facetiarum.
1030 2929 1090 2990 Sed
1116 2947 1195 3007 nego
1222 2928 1337 2988 Caudio
1364 2924 1454 2988 druos

312 3025 478 3086 huiusmodi
499 3045 600 3086 uersus
622 3028 702 3088 uisos
723 3046 797 3088 esse.
839 3027 929 3102 Quod
949 3029 1029 3088 enim
1048 3026 1121 3088 aiter
1140 3027 1249 3086 Plinius
1270 3025 1341 3085 dicit
1361 3035 1395 3085 ut
1416 3023 1454 3084 sd

313 3125 404 3186 muita
414 3123 477 3195 alia,
489 3142 549 3184 non
560 3125 665 3186 adhoc
678 3144 770 3186 unum
781 3135 878 3204 potest
888 3126 987 3186 referri
999 3126 1089 3186 ueluti
1102 3125 1140 3186 ad
1153 3126 1310 3185 resolutum
1324 3126 1453 3201 primum

314 3223 421 3302 pedem
434 3222 509 3297 (LV.
519 3225 578 3298 ιο),
592 3223 630 3285 ad
645 3225 828 3302 spondaeum
840 3243 895 3302 pro
909 3224 1025 3303 dactylo
1038 3225 1069 3284 iu
1083 3223 1214 3284 secundo
1227 3223 1303 3301 pede
1315 3224 1454 3301 positum,

314 3325 353 3384 ad
366 3341 468 3383 uersus
481 3322 557 3383 mele
570 3324 677 3384 lncisos
691 3324 784 3402 qualis
798 3334 843 3384 est
855 3324 903 3384 ille
920 3322 1130 3384 Decoctoris
1150 3323 1260 3383 amica
1277 3321 1456 3381 FormIani

315 3421 407 3502 (XLI.
423 3417 454 3500 4)
472 3422 521 3483 uel
539 3421 587 3482 hic
611 3423 754 3482 Amicos
781 3423 1008 3499 medicosque
1035 3432 1231 3482 conuocate
1251 3419 1344 3499 (XLI.
1358 3418 1403 3499 6),
1416 3422 1455 3479 ita

314 3539 352 3580 ex
365 3521 533 3581 recentioris
547 3521 611 3580 aeui
625 3522 731 3580 iudicio
744 3520 855 3580 dictum
868 3520 990 3580 uidetur.
1033 3517 1163 3579 Catullus
1180 3518 1255 3579 adeo
1273 3536 1336 3577 non
1349 3519 1455 3578 diu-um

314 3617 373 3677 hoc
394 3619 545 3677 arbitratus
566 3631 610 3679 est
623 3628 656 3677 ut
669 3619 700 3678 in
713 3618 794 3678 nullo
812 3637 849 3679 ex
866 3618 1047 3678 mollioribus
1059 3618 1204 3696 poematis
1217 3635 1292 3695 quae
1312 3615 1455 3678 hendeca-

316 3716 431 3794 syllabis
453 3715 566 3792 scripsit
586 3725 697 3793 praeter
711 3716 739 3775 V
753 3727 783 3777 et
796 3715 899 3776 XXIV
913 3733 975 3775 non
995 3727 1046 3775 aut
1064 3719 1196 3775 iambum
1214 3725 1265 3775 aut
1285 3715 1455 3776 trochaeum

316 3813 347 3872 in
369 3813 462 3889 prima
489 3813 558 3873 sede
585 3815 674 3873 semel
698 3814 843 3886 locauerit,
863 3815 894 3873 iu
914 3813 1034 3875 Passere
1057 3812 1111 3888 (Il,
1132 3812 1201 3892 III),
1222 3814 1252 3872 iu
1272 3813 1456 3874 Carminibus

315 3911 355 3971 ad
379 3909 516 3970 LesbIam
539 3909 634 3986 (VII),
663 3911 822 3973 Caecilium
848 3911 1000 3987 (XXXV),
1030 3911 1220 3973 CornificIum
1253 3911 1454 3987 (XXXVHI),

317 4008 472 4070 LucInium
494 4007 554 4082 (L),
581 4009 703 4070 fortasse
729 4011 817 4070 etiarn
838 4011 1005 4070 quentium
1027 4009 1181 4090 (XLVIII.
1199 4006 1240 4088 4).
1295 4010 1353 4070 His
1379 4011 1455 4073 adde

317 4107 445 4169 carmina
472 4105 510 4165 ad
537 4105 705 4167 Cornelium
734 4105 783 4187 (I),
812 4107 946 4169 AsInium
975 4105 1071 4187 (XII),
1098 4107 1272 4168 Pincernam
1300 4105 1455 4189 (XXVII),

319 4204 490 4284 Ipsithillam
504 4201 657 4285 (XXXII),
673 4205 820 4266 Rauidum
834 4204 924 4285 (XL),
938 4205 1113 4267 Ciceronem
1127 4204 1261 4286 (XLIX),
1275 4206 1413 4269 Porcimn
1427 4221 1455 4271 et

321 4303 521 4366 Socrationem
540 4299 689 4380 (XLVII),
714 4302 750 4363 de
772 4303 935 4364 Annalibus
954 4302 1056 4363 Volusi
1078 4301 1237 4384 (XXXVI)
1260 4305 1298 4364 de
1323 4305 1455 4368 Ameana

319 4399 426 4479 (XLI),
437 4402 474 4462 de
487 4399 612 4462 Moecha
624 4398 744 4480 (XLII),
759 4401 796 4462 de
805 4402 899 4463 Acme
912 4411 943 4463 et
953 4400 1094 4480 Septimio
1109 4399 1227 4481 (XLV),
1242 4401 1318 4464 Risi
1338 4407 1455 4466 nescio
