3142 5059
306 377 364 434 ³52
771 374 990 434 EXCVRSVS.

307 577 372 617 nani
399 559 506 636 quando
539 559 701 636 deponebant
734 527 1100 638 uirginitaternqcinguluni
1132 559 1317 618 di'ssoluelant
1342 561 1439 617 niari'ti

307 655 425 715 Ouidius
439 675 595 734 zonaque
616 659 722 718 salaci
738 655 854 736 (fallaci)
869 669 964 718 casta
982 661 1137 717 recincta
1154 667 1302 728 insonet
1314 657 1440 718 Catullus

305 756 399 832 quod
419 773 540 816 aonam
562 755 668 816 soluit
689 756 746 817 diu
767 757 919 834 ligatam.
953 756 1010 836 (Cf.
1024 757 1161 817 Priscian.
1176 755 1273 835 Lea.)

346 883 492 946 Guarinus
505 886 683 947 Veronensis
697 889 727 946 in
741 887 874 965 Epistula
886 906 975 966 quam
988 889 1101 965 scripsit
1114 888 1268 947 Francisco
1283 889 1321 947 de
1335 888 1442 964 Ligna·

306 982 399 1044 nime¹
413 983 562 1063 Episcopo
576 986 749 1045 Ferrariensi
764 983 970 1066 (1446-1462)
985 985 1090 1046 Catulli
1108 988 1176 1046 citat
1188 1005 1307 1045 uersum
1326 988 1443 1046 allatiim

306 1083 336 1142 in
357 1083 534 1160 praefatione
548 1083 621 1144 Plini
642 1085 694 1145 sed
716 1086 755 1144 ita
772 1096 805 1145 ut
822 1087 919 1162 ipsam
939 1103 1057 1144 carmen
1077 1085 1181 1162 legisse
1202 1103 1233 1144 se
1254 1085 1445 1145 demonstret.

304 1179 349 1240 Cl.
363 1183 576 1258 qualiacumque,
591 1184 740 1242 ui'rtietibus
756 1185 871 1242 maenti
881 1202 947 1243 cum
962 1182 1026 1242 Cat.
1040 1184 1064 1242 1.
1080 1203 1107 1259 9,
1122 1183 1230 1242 LXIV.
1248 1203 1318 1258 3²3·
1358 1183 1445 1242 Extat

305 1279 335 1338 in
349 1281 450 1340 codice
464 1279 624 1340 Bodleiano
641 1281 768 1362 (Canon.
784 1281 867 1342 Misc.
887 1280 965 1360 169).

328 1495 475 1556 Guarinus
488 1495 645 1558 Francisco
658 1497 805 1558 Ferrarius
817 1498 967 1576 Episcopo
980 1498 1122 1559 Primitias
1136 1499 1300 1560 stadionim
1314 1497 1423 1558 offerii

348 1657 420 1718 Cuin
436 1665 512 1717 tuain
525 1659 766 1718 alienandissiine
773 1667 856 1736 pater
868 1661 900 1718 in
914 1679 954 1718 nie
966 1679 1001 1718 ae
1014 1678 1081 1718 neos
1094 1659 1301 1718 tenuamus
1314 1657 1443 1715 anthad-

302 1767 378 1818 uerto
390 1761 547 1836 saeptusque
561 1761 696 1836 perpendo
705 1779 716 1817 .·
736 1779 820 1836 quani
834 1779 864 1818 re
878 1763 940 1836 ipio
960 1762 1070 1820 testaris
1088 1767 1115 1817 et
1132 1761 1250 1836 epistolis
1265 1761 1398 1835 grauiter
1414 1767 1442 1817 et

304 1860 396 1934 iniqua
417 1859 514 1934 patior
537 1859 628 1916 ansino
655 1860 783 1934 qwniaiii
810 1878 865 1935 qua
887 1861 936 1918 uia
962 1861 1206 1917 renucneracionein
1229 1869 1282 1934 pra
1308 1859 1441 1934 Quiete

297 1967 453 2032 prosequar
467 1957 617 2016 nonui'deo.
658 1956 707 2015 An
721 1959 835 2016 uasi'ste
846 1959 980 2034 pernosci
996 1965 1023 2016 et
1038 1958 1183 2035 artificiose
1194 1958 1287 2015 celati's
1299 1958 1441 2032 etreliqua
1547 2024 1548 2039 ἶ

301 2057 421 2114 exi'nii'ae
434 2055 605 2131 supellectilis
618 2075 717 2132 genere
730 2057 891 2114 donauerat
910 2058 1019 2115 niininu
1036 2075 1125 2124 sane‚·
1146 2075 1206 2114 cuin
1219 2063 1246 2112 el
1259 2058 1315 2130 ipse
1331 2074 1440 2113 carran
1547 2052 1548 2117 i

301 2159 328 2212 et
349 2161 380 2212 lu
396 2164 451 2230 pra
473 2161 521 2212 tia
545 2155 672 2212 modestia
696 2175 729 2213 ae
750 2153 912 2213 liberalitate
931 2173 985 2213 non
1004 2154 1085 2213 abeas
1104 2151 1229 2230 aucas(l
1243 2152 1329 2230 ereas)
1352 2161 1381 2212 et
1403 2153 1444 2211 ad

300 2251 468 2328 erogandum
488 2271 571 2328 quan
591 2252 632 2311 ad
645 2253 804 2330 capiendum
822 2255 864 2311 sis
883 2254 1095 2312 alamaniam
1114 2252 1156 2311 ad
1175 2271 1232 2310 rein
1251 2254 1350 2310 saturn
1370 2253 1445 2310 illud
1547 2252 1548 2255 ’

301 2349 388 2408 di'cere
399 2361 458 2426 par
466 2352 566 2428 suerit
577 2351 690 2410 Aurum
703 2360 729 2411 et
739 2359 884 2428 argentum
897 2371 951 2410 non
962 2360 1003 2410 cst
1014 2351 1169 2428 ins'li‘quod
1177 2351 1260 2410 labeo
1272 2351 1323 2408 noe
1334 2351 1390 2410 tilii
1399 2352 1441 2410 do.
1547 2394 1548 2401 κ

301 2445 441 2524 Siquidem
461 2467 523 2506 cuni
536 2451 637 2508 nostris
649 2449 682 2506 ele
698 2448 823 2508 studioli's
842 2467 897 2506 nan
910 2451 1002 2508 iusHas
1014 2460 1124 2525 carpere
1132 2450 1280 2526 primitias
1292 2449 1382 2519 detur,
1395 2451 1445 2507 cui

295 2547 388 2622 mous
400 2565 483 2622 quani
496 2554 559 2606 tuae
572 2548 761 2624 egentiam
779 2547 877 2625 offerre
885 2546 944 2625 sas
952 2548 1077 2625 fueriti
1094 2548 1223 2623 quisoles
1243 2564 1339 2605 meas
1360 2565 1441 2606 esse

301 2645 435 2721 aliquid
461 2656 582 2722 putare
604 2664 714 2724 nugas
734 2653 767 2706 ut
779 2653 859 2723 poeta
875 2654 1065 2705 conterraneus
1083 2665 1157 2704 neiis
1175 2647 1267 2722 inqiut
1283 2653 1311 2704 et
1328 2648 1441 2723 scriptis

299 2743 498 2818 qualiacunque
510 2747 568 2803 siiit
579 2748 644 2803 ineis
654 2745 764 2822 pondu
775 2753 803 2804 et
812 2747 935 2820 pretium
949 2746 1039 2821 possis
1051 2745 1209 2820 adiungere.
1253 2741 1348 2802 Tanta
1367 2745 1440 2802 eruin

301 2843 331 2898 in
358 2847 382 2898 te
408 2843 484 2918 uiget
507 2845 657 2902 auctoritas
679 2863 762 2920 qiearn
789 2845 897 2920 i'rigenio
918 2845 1062 2902 concitasti
1085 2843 1275 2902 uirtutibus
1308 2843 1440 2902 auxisti

300 2939 402 2996 actione
425 2939 536 3016 denique
554 2949 683 3017 perpetua
703 2944 877 3000 cameruost*
891 2946 925 3000 ul
943 2961 997 2999 non
1017 2942 1105 2999 solun
1127 2941 1311 3016 expectationi
1330 2948 1442 2998 nostrae

301 3037 460 3113 respondeas
473 3037 523 3096 sed
535 3047 562 3097 et
579 3041 712 3116 sapientia
727 3047 776 3098 tua
796 3052 912 3116 superes.
957 3038 1020 3098 Tua
1040 3041 1114 3098 testis
1133 3045 1175 3096 est
1192 3039 1252 3096 iei‘ta
1272 3056 1355 3113 quain
1374 3038 1441 3096 adeo
1547 3062 1548 3089 i

301 3135 362 3194 ὸιπι
374 3139 508 3213 sapienter
521 3139 671 3215 integreque
684 3138 784 3215 degisti
794 3146 826 3197 ut
831 3150 884 3216 per
897 3157 985 3197 omnes
998 3138 1130 3196 lionorim
1138 3137 1249 3212 gradus
1261 3137 1441 3212 epi'seopatuin
1547 3178 1548 3181 η

294 3239 387 3312 potius
414 3239 516 3295 mereri
538 3257 620 3314 quani
647 3238 801 3297 desiliaare
827 3245 964 3297 contentus
989 3238 1124 3296 extiteris.
1151 3236 1344 3294 nuruuciduin
1375 3254 1440 3294 uera

300 3341 424 3393 nostruin
444 3353 472 3392 eo
485 3338 654 3411 paternitati
668 3343 731 3395 tuae
749 3337 893 3394 iocundum
905 3355 960 3394 esse
977 3335 1077 3393 deleld
1094 3353 1147 3410 quo
1165 3334 1212 3391 uel
1223 3341 1328 3409 gratae
1345 3335 1441 3391 neenti's
1547 3382 1548 3411 ἶ

293 3443 366 3509 prae
385 3452 413 3490 se
421 3432 490 3511 sert
508 3435 638 3493 ιἰιᾱιιιὶιιι
659 3436 705 3493 uel
721 3435 813 3511 aptius
830 3437 945 3510 tempori
958 3434 1206 3507 conuenientiusque
1218 3431 1260 3490 ad
1267 3437 1292 3489 tc
1305 3431 1439 3508 defertur.

300 3547 364 3587 nani
377 3549 438 3588 cun
443 3530 540 3609 sistus
552 3533 692 3592 oli'uarun
706 3533 761 3591 dies
775 3535 856 3592 i'nstet
867 3535 948 3609 inquo
961 3533 1002 3591 ael
1011 3533 1131 3590 uenienti
1141 3531 1247 3588 lanino
1260 3529 1340 3587 aens
1353 3528 1442 3604 pueri
1547 3576 1548 3593 i

300 3625 408 3686 uni'biis
422 3627 529 3689 obuiam
539 3633 704 3707 prodierunt
719 3639 745 3690 et
761 3630 905 3690 rutilantes
918 3631 1063 3709 honorifice
1083 3629 1265 3687 decantarunt
1275 3624 1439 3684 Berudictus
1547 3672 1548 3685 i

297 3727 351 3801 qui'
370 3729 445 3785 ueni't
463 3729 494 3785 i'n
515 3731 619 3788 nonii'rie
638 3730 743 3788 donani
760 3727 875 3789 Osanna
896 3731 926 3788 in
945 3729 1061 3788 excelsis
1081 3745 1131 3785 nos
1150 3744 1252 3802 quoquc
1270 3723 1438 3782 Beatissimo

298 3822 513 3884 Alexandrinae
536 3829 657 3886 ciiiilati's
677 3825 874 3904 archiepiscopo
896 3826 998 3887 Cirillo
1017 3827 1082 3884 duce
1104 3825 1189 3901 quasi
1204 3824 1316 3900 palnias
1334 3823 1437 3881 aleuas·

298 3941 349 3999 que
370 3929 507 3999 gestantes
530 3933 592 3984 tuae
609 3928 777 4002 paternitati
794 3927 903 3984 oluiani
923 3927 1070 4002 potinus
1092 3923 1254 4003 (prm
1277 3919 1349 3999 Ms.)
1376 3929 1404 3979 et
1425 3941 1438 3977 ι

288 4022 426 4101 J'errari'a
441 4030 490 4081 tua
503 4043 570 4099 quae
583 4025 729 4084 aduentum
742 4033 821 4084 mun
831 4025 1041 4102 gratulabunda
1057 4026 1143 4102 gestit
1152 4023 1227 4080 hune
1244 4023 1333 4097 ipsun
1352 4021 1440 4079 ueluti

293 4121 373 4196 pacis
400 4119 514 4182 abailein
540 4142 685 4182 sansonem
711 4142 824 4202 egraeca
846 4125 945 4202 lingua
969 4131 1014 4182 tuo
1042 4123 1147 4180 nomine
1169 4121 1254 4178 latine
1275 4135 1437 4176 mnunsun

334 4283 342 4314 ¹
367 4287 458 4348 Soipiii
480 4287 518 4335 hic
540 4287 670 4335 Franciseus
688 4287 887 4336 commentarium
906 4288 935 4335 de
954 4286 1109 4335 iuuenioribus
1128 4284 1221 4340 artium,
1240 4283 1436 4347 Epigrnnirnutiim

299 4367 407 4425 libellum,
419 4369 591 4432 Disquisitiones
602 4370 779 4429 Astronoinioss.
814 4369 845 4432 (V
845 4369 931 4433 girellus
943 4371 965 4417 in
978 4369 1043 4416 italis
1053 4367 1128 4424 Secru,
1141 4367 1171 4414 11.
1184 4366 1248 4430 592).

333 4450 344 4479 ¹
361 4453 428 4499 Hunc
439 4455 531 4500 titulum
544 4455 613 4500 serior
624 4467 703 4500 muniis
714 4452 807 4499 rddidit.

1536 54 1541 70 r

1538 80 1542 97 Ι

1537 114 1545 221 Ι

1539 242 1544 261 Ι

1540 268 1545 283 i
