3142 5059
558 423 615 482 nn
644 421 769 482 xxvn.
792 442 818 495 4.
1198 420 1254 477 321

116 618 187 662 curn
209 601 313 660 eadem
334 602 476 662 sententia
495 603 526 660 in
547 611 675 662 mentem
692 601 821 660 uenisset
844 619 920 678 quae
934 600 1065 677 Hauptio
1086 617 1153 659 eam
1174 615 1260 676 prae-

116 699 183 758 tulit
196 718 284 775 quam
304 717 375 760 mox
396 710 676 762 commemoraturus
693 697 867 778 sum)-sed
884 718 921 759 ne
942 699 1116 775 sicquidem
1135 697 1259 758 omnino

116 797 224 856 similia
245 809 311 856 sunt
330 802 413 869 ῑι-Ηὶ,
434 809 463 857 et
483 809 558 864 o÷o
578 807 665 863 cetra
684 809 764 870 nrt-q,
788 816 884 875 neque
907 798 996 856 ullum
1018 798 1104 856 huius
1125 796 1258 856 lectionis

115 896 273 971 uestigium
300 899 440 973 praebent
464 897 589 956 codices.
645 896 746 956 Restat
773 897 859 972 igitur
883 897 1036 982 explicatio
1064 896 1122 953 iam
1146 894 1258 970 pridem

116 994 246 1070 uulgata,
263 1003 293 1053 et
313 1013 389 1071 quae
406 993 563 1054 Parthenio
583 995 730 1073 Scaligero
749 994 902 1055 Gronouio
924 994 1115 1054 Lachmauno
1137 993 1259 1051 Hertzio

116 1091 235 1168 placuit

161 1189 204 1249 Hi
218 1191 297 1250 enim
311 1209 415 1252 omnes
429 1191 560 1252 scribunt

443 1365 592 1426 Ebriosa
611 1369 711 1426 acina
731 1368 936 1427 ebriosioris

118 1497 153 1547 ut
171 1487 377 1548 ebriosioris
399 1489 551 1564 genetiuus
573 1500 649 1550 esset
668 1508 705 1548 ex
724 1508 783 1566 quo
804 1491 906 1548 acina
926 1490 1073 1566 penderet
1115 1490 1161 1547 lta
1180 1489 1260 1547 enim

118 1596 150 1645 et
175 1587 243 1646 satis
266 1587 423 1664 respondet
446 1588 589 1663 prioribus
613 1587 667 1645 illis
691 1587 833 1663 exemplis
856 1605 957 1666 uersus
981 1586 1086 1646 Catulli
1110 1596 1139 1645 et
1162 1588 1271 1644 minus·

118 1685 239 1744 obstant
264 1684 390 1744 Gelliani
414 1686 539 1745 codices
590 1685 693 1761 Itaque
717 1685 809 1744 tribus
830 1684 926 1743 modis
950 1685 1101 1760 legebatur
1123 1684 1159 1742 A.
1184 1683 1261 1743 Gelli

119 1792 254 1858 tempore
273 1782 320 1842 hic
341 1801 441 1844 uersus
466 1781 510 1863 (ι)
535 1782 684 1844 Ebriose
711 1784 811 1842 acina
837 1783 1044 1843 ebriosioris
1072 1779 1118 1859 (a)
1142 1783 1260 1844 ebrios

118 1881 223 1940 acina
236 1881 441 1942 ebriosioris
455 1884 499 1956 (3)
511 1881 680 1942 Ebriosos
695 1883 796 1942 acina
808 1881 1013 1940 ebriosioris
1027 1890 1056 1939 et
1068 1879 1126 1940 hoc
1139 1880 1259 1956 quidem

120 1989 183 2038 tarn
197 1988 304 2038 temere
318 1980 456 2056 scriptum
469 1989 501 2038 ut
514 1981 641 2040 numeris
654 1997 772 2058 prorsus
787 1989 904 2038 careret
947 1978 1088 2051 Quartam
1103 1978 1260 2037 lectionem

120 2076 168 2135 his
182 2077 326 2136 diuersam
340 2077 439 2136 habuit
452 2076 557 2138 Catulli
574 2079 669 2138 codex
687 2078 766 2137 unde
783 2078 875 2137 nostri
892 2078 1099 2155 profluxerunt,
1113 2075 1261 2135 Ebriose

120 2175 224 2236 acino
249 2175 456 2237 ebriosioris
480 2177 541 2238 siue
565 2178 725 2236 ebriosae
747 2194 849 2236 uerum
870 2185 915 2236 est
934 2177 995 2236 siue
1009 2185 1042 2234 ut
1054 2175 1151 2252 potius
1164 2173 1262 2232 iudico

121 2291 159 2334 ex
188 2273 327 2334 ebrioso
355 2285 532 2351 corruptum.
587 2275 658 2336 Non
682 2277 761 2334 enirn
785 2275 816 2335 id
839 2293 876 2334 en
901 2275 1041 2334 ebriosa
1067 2273 1168 2332 acino
1196 2289 1291 2331 cor-⁴

121 2380 239 2447 ruptum
263 2372 367 2443 habeo,
390 2389 558 2449 quanquam
579 2371 637 2432 hoc
661 2373 768 2432 Statius
792 2384 821 2432 et
844 2372 960 2433 Catullo
983 2372 1081 2434 tribuit
1103 2379 1135 2429 et
1156 2369 1260 2430 Gellio.
1312 2359 1318 2372 ’

122 2469 251 2530 Gellium
265 2471 343 2529 enim
357 2471 458 2530 acina
477 2489 540 2530 non
560 2473 662 2531 acino
675 2472 781 2548 legisse
796 2472 924 2532 indicant
936 2471 1028 2548 ipsius
1041 2470 1132 2530 uerba
1152 2467 1262 2545 ‘quod

123 2574 221 2629 ‘erat
241 2571 405 2630 usitatius
427 2572 564 2632 acinum
590 2573 625 2632 in
652 2583 775 2632 neutro
802 2589 931 2648 genere
958 2572 1137 2649 appellare
1151 2570 1173 2641 ;’
1203 2569 1262 2628 aci·

121 2687 195 2729 num
216 2669 294 2728 enim
316 2668 445 2730 seminini
465 2671 581 2747 generis
597 2670 654 2748 legi
672 2689 734 2730 non
755 2671 853 2730 credo.
896 2670 981 2743 Quae
1001 2672 1032 2730 in
1052 2668 1263 2748 glossatoribus
1354 2703 1358 2710 -

122 2767 160 2826 de
183 2766 241 2826 hoc
262 2769 408 2832 uocabulo
428 2770 542 2846 repperi
563 2769 636 2829 haec
658 2779 725 2830 sunt
745 2768 899 2844 Non.194
921 2770 1032 2830 Acina
1047 2787 1147 2846 genere
1167 2773 1264 2826 neutro

109 2867 280 2944 srequmter
300 2865 393 2926 Varro
407 2869 508 2943 ¹notuit.
557 2869 689 2931 Acinus
709 2872 859 2930 masculino
878 2868 926 2928 M.
945 2869 1056 2930 Tulleies
1076 2870 1108 2928 de
1127 2867 1265 2928 Senectute

123 2983 212 3041 quae
241 2983 281 3024 ex
303 2964 359 3025 fici
386 2967 521 3027 tantulo
545 2984 653 3043 grano
681 2977 739 3028 aut
765 2987 806 3027 ex
835 2969 925 3029 acini
952 2969 1109 3029 uinaceo.
1150 2965 1194 3026 Et
1211 2967 1267 3026 atat·

122 3064 255 3123 obsmrae
276 3065 456 3124 auctoretatis.
506 3063 721 3142 Pressusque
746 3067 855 3127 labris
879 3085 968 3128 unus
992 3068 1111 3127 acinus
1134 3066 1263 3125 arebat.

123 3161 218 3222 Labb.
242 3161 339 3222 Gloss.
369 3163 479 3223 Acina
512 3165 575 3238 ῥὼξ,
606 3165 709 3226 Acini
740 3166 830 3240 ῥῶγιε.
879 3166 1011 3228 Aciuus
1045 3167 1100 3240 ρὸξ
1131 3167 1263 3238 γίμρων.

123 3259 222 3338 Cyrill.
238 3259 335 3320 Gloss.
352 3261 407 3334 ῥὼε
429 3262 549 3322 acinus
577 3264 685 3324 acina.
725 3264 810 3337 ῥῶγες
831 3263 931 3322 acini.
972 3262 1069 3323 Gloss.
1092 3261 1162 3320 Mai.
1175 3261 1262 3320 vt11.

124 3362 164 3430 4⁶
197 3359 319 3418 acinus
350 3359 445 3418 botrus
473 3378 539 3420 uua.
594 3359 638 3420 Ib.
660 3373 695 3434 15
723 3360 769 3418 ltic
796 3361 917 3420 acinus
944 3361 978 3419 ni
1006 3361 1041 3419 .i.
1069 3360 1164 3418 botrus
1193 3359 1264 3416 unde

123 3455 269 3516 Paalz'nus
292 3456 465 3534 Exprimit
489 3458 670 3518 humentes
698 3459 819 3519 acinos
843 3477 1032 3536 sucumque
1059 3458 1262 3535 liquentem.

124 3557 226 3616 Acron
246 3555 284 3614 ad
305 3555 378 3616 Hor.
396 3555 424 3616 S.
440 3556 479 3616 Il.
495 3559 522 3616 6.
538 3559 576 3631 85
596 3555 664 3616 Hic
684 3557 805 3616 acinus
824 3564 852 3616 et
868 3557 933 3616 hoc
953 3557 1098 3616 acinum.
1140 3556 1263 3628 Acina,

124 3673 164 3720 ae
192 3672 360 3730 quanquam
390 3655 525 3734 exempla
555 3656 617 3716 eius
644 3674 705 3715 non
732 3665 800 3714 sunt
827 3656 906 3732 apud
929 3655 1131 3726 Forcellinum,
1158 3655 1264 3714 eodem

124 3752 217 3812 modo
237 3763 350 3830 poterat
370 3752 500 3814 Catulus
520 3773 658 3832 usurpare
679 3772 738 3830 quo
761 3754 809 3814 alii
832 3773 995 3826 araneus,
1023 3773 1161 3827 aranea,
1189 3773 1264 3814 ara-

125 3867 227 3908 neum
256 3855 353 3928 ‘quae
386 3854 424 3910 ab
456 3853 605 3912 adiectiuis
636 3854 772 3911 translata
803 3871 867 3912 esse
898 3853 986 3912 fidem
1018 3853 1127 3914 faciunt
1159 3855 1265 3930 pariter

125 3949 275 4010 mutabilia
291 3969 366 4028 quae
382 3951 486 4010 eadem
508 3951 650 4014 adiectiua
670 3963 738 4014 sunt
757 3963 790 4012 ut
813 3953 955 4013 nuntius
978 3954 1145 4025 nuntium,
1170 3970 1265 4011 mun·

125 4048 190 4108 dus
211 4049 384 4120 mundum,
403 4050 542 4110 cubitus
562 4051 726 4123 cubitum,
745 4069 864 4110 aruum
885 4071 976 4123 arua,
993 4052 1106 4112 cliuus
1127 4052 1264 4120 cliuum,

125 4146 301 4206 canticum
333 4147 517 4219 canticula,
546 4149 720 4224 posticum
753 4151 899 4226 postica,
927 4150 1069 4226 lupinus
1103 4150 1264 4226 lupinum,

126 4243 513 4320 labrusca,tabruscum
539 4247 609 4306 item
636 4246 733 4308 forus
760 4247 872 4308 forum
899 4267 966 4308 cum
994 4249 1137 4309 adiectiuo
1161 4246 1265 4306 foras.

126 4341 266 4402 Eiusdem
281 4343 395 4418 generis
410 4343 465 4402 alia
478 4344 620 4418 permulta
639 4355 706 4404 sunt
720 4364 796 4422 quae
809 4346 951 4406 adiectiue
966 4347 1022 4406 dici
1035 4346 1105 4404 olim
1119 4345 1266 4404 desierunt

127 4440 257 4506 fluuius
286 4439 401 4514 fluuia,
418 4441 549 4502 labium
577 4442 685 4512 labea,
707 4445 821 4520 apium
850 4446 957 4522 apius,
980 4447 1110 4505 corium
1138 4445 1263 4515 corius,

670 4549 720 4602 rt
