3142 5059
485 393 711 468 CARMINVM
738 393 927 456 CATVLLP.
1212 401 1275 455 ’306

507 1219 913 1303 EXCVRSVS

632 1483 689 1543 AD
711 1486 734 1545 Ι.
757 1503 784 1557 4.

136 1723 286 1821 CITAT
305 1760 384 1821 hunc
401 1775 518 1822 uersum
532 1759 641 1820 Plinius
655 1761 685 1818 in
699 1759 883 1820 Praelatione
897 1759 1043 1820 Naturalis
1056 1759 1232 1835 Historiae§
1251 1778 1276 1819 r.

131 1861 239 1920 leras
257 1861 400 1920 naturas
423 1861 555 1920 heitors'ae
582 1863 718 1918 mmmmm
741 1859 869 1921 Camenis
890 1858 1047 1932 Om'ritm
1072 1866 1183 1919 tuorem
1203 1870 1277 1935 apres,

132 1965 213 2018 matos
232 1960 311 2035 apud
326 1977 367 2018 me
379 1961 517 2036 maxema
526 1960 630 2038 setara
650 1959 786 2017 licentiore
804 1959 918 2033 epistula
935 1976 1059 2016 narrare
1073 1959 1204 2016 consts'tm‘
1218 1958 1277 2030 tobi,

130 2057 328 2116 ιἰιιιιιιιίιιιιιιιι
354 2059 511 2134 cooperator,
538 2061 577 2117 sit
600 2059 672 2116 enom
698 2057 764 2116 haec
789 2058 835 2114 tui
858 2056 1003 2134 praefatio
1029 2058 1184 2126 wamma,
1212 2056 1277 2114 dan

131 2157 280 2215 maxuma'
298 2158 460 2216 consenescit
478 2157 508 2216 in
524 2163 609 2232 patre
618 2176 633 2224 ,·
660 2173 776 2232 namque
800 2162 831 2213 tu
850 2154 955 2213 solebas
969 2159 1073 2229 putare
1093 2173 1148 2213 esse
1168 2155 1280 2231 aliquali

131 2271 208 2312 meas
226 2271 327 2332 nugas,
347 2261 380 2312 ut
397 2254 499 2314 obtime
518 2255 620 2314 moliar
635 2253 777 2314 Catullum
797 2259 1003 2312 conterraneum
1022 2271 1110 2311 meum
1123 2252 1278 2330 (adgnoscis

131 2359 160 2411 et
171 2353 221 2412 loc
233 2359 370 2412 castreem
384 2349 535 2432 nabun);
556 2353 604 2410 ille
621 2353 700 2424 enom,
713 2358 746 2410 ut
760 2353 824 2424 scii,
833 2351 996 2427 permutatis
1006 2350 1152 2426 mlier
1164 2350 1279 2427 syllabis

131 2451 327 2510 &masculam
345 2471 375 2510 se
390 2452 467 2530 sea't
490 2469 572 2528 qnam
599 2450 706 2509 uolebas
736 2451 912 2508 exebtumari
935 2469 954 2507 a
988 2447 1140 2507 Veram'olei
1166 2451 1227 2507 snos
1253 2455 1280 2507 et

131 2547 274 2608 Faluttes.
329 2547 477 2626 Exscripsi
503 2549 601 2608 locum
625 2549 720 2625 qualis
743 2565 780 2608 er
803 2548 922 2624 optimis
948 2545 1098 2607 codicibus
1126 2547 1277 2623 colligitur.

132 2647 216 2707 Dixit
236 2647 274 2708 de
294 2664 332 2707 eo
346 2647 551 2707 Mommsenus
572 2645 603 2705 in
622 2646 734 2707 Herme
748 2646 772 2705 l.
787 2649 854 2718 128,
866 2646 926 2719 ubi,
941 2645 1039 2706 relicta
1051 2645 1156 2705 Aiciati
1177 2663 1277 2706 emen·

131 2745 253 2806 datione
276 2745 439 2818 Saetabis,
460 2745 578 2806 codices
598 2755 715 2806 secutus
735 2744 890 2822 plerosque
911 2745 1053 2823 syllabis
1073 2744 1203 2818 restituit,
1222 2763 1278 2822 pro

131 2847 232 2905 uerbis
257 2845 396 2906 obicere
424 2847 545 2906 moliar
570 2845 619 2905 uel
641 2843 722 2923 quod
749 2845 858 2906 habent
884 2845 932 2906 alii
959 2846 1100 2906 obicere
1126 2845 1278 2905 molliam

132 2961 204 3004 eum
217 2943 347 3004 Barbara
362 2942 507 3003 Rhenano
521 2943 713 3023 Daleeampia
732 2944 846 3004 obiter
873 2945 1048 3005 emolliam
1068 2945 1184 3019 scribit3
1212 2962 1278 3005 uer-

133 3059 201 3102 sum
214 3059 304 3121 quem
318 3043 355 3104 de
369 3041 485 3103 Catullo
498 3043 595 3104 cimuit
609 3042 717 3104 Plinius
731 3044 775 3104 sic
789 3044 937 3105 constituit
950 3061 1018 3104 cum
1033 3042 1167 3120 Hauptio

634 3192 780 3253 namque
800 3186 836 3235 tu
856 3175 995 3236 solebas

339 3273 459 3352 Nugas
478 3292 553 3336 esse
574 3275 705 3353 aliquid
725 3294 819 3336 meas
838 3285 967 3353 putare.

134 3429 214 3492 Cum
228 3432 307 3491 enim
321 3433 482 3510 scripsisset
496 3431 626 3493 Cunrllus
647 3431 739 3492 Meos
766 3449 843 3492 esse
866 3430 995 3509 aliquid
1019 3440 1139 3507 putare
1166 3445 1277 3506 nugas

133 3531 266 3590 iambum
280 3541 378 3589 autem
391 3531 438 3591 uel
452 3531 621 3591 trochaeum
640 3531 670 3589 in
688 3532 782 3608 prima
800 3531 870 3590 sede
890 3528 1197 3607 hendecasyllaborum
1215 3545 1277 3588 ιιοιι

134 3637 279 3706 ponerent
293 3627 366 3688 Plini
386 3629 524 3706 aequales
542 3639 576 3688 ut
593 3629 747 3701 duriorem,
762 3631 844 3689 cuius
858 3630 898 3689 rei
912 3629 992 3688 testis
1009 3629 1047 3688 sit
1060 3628 1155 3687 minor
1167 3627 1278 3687 Plinius

134 3723 212 3802 Epp.
227 3725 251 3784 1.
269 3727 315 3798 16,
331 3741 348 3800 5
359 3727 442 3805 saee‘t
459 3746 566 3800 uersus,
586 3727 679 3804 quales
696 3725 827 3788 Catullus
846 3734 899 3786 aut
911 3727 1046 3795 Calmes‚·
1065 3731 1197 3802 quantam
1218 3727 1279 3786 illis

132 3822 235 3898 leporis
256 3821 407 3882 Medeam
429 3825 629 3883 matutino
655 3825 782 3884 antara!
822 3823 932 3883 Imerit
955 3843 1022 3882 sane
1043 3824 1092 3882 sed
1110 3823 1176 3882 data
1198 3833 1278 3899 opera

133 3919 261 3980 mollitas
287 3919 443 3998 metuque
469 3923 641 3983 ammonas
667 3925 806 4001 quosdam,
830 3931 858 3983 et
887 3923 937 3982 loc
963 3924 1048 4000 quasi
1073 3923 1203 3984 Catullus
1228 3928 1298 3982 aut-

136 4018 249 4080 Catuur
256 4039 272 4088 ,⁰
293 4018 418 4080 Plinium
436 4023 616 4082 conterranei
637 4023 681 4083 sui
695 4022 801 4083 Catulli
814 4033 846 4083 ut
865 4024 897 4082 iu
916 4022 1095 4100 praelatione
1114 4024 1212 4100 operis
1232 4042 1277 4084 re-

135 4115 297 4188 cordatum,
312 4119 402 4178 uerba
422 4119 484 4178 eius
504 4117 564 4179 siris
583 4120 746 4193 inseruisse,
764 4121 818 4180 sed
832 4121 872 4180 ita
889 4121 1016 4181 emollita
1034 4131 1067 4180 ut
1087 4138 1142 4197 pro
1162 4121 1277 4181 duriore
1372 4155 1375 4160 -

134 4214 184 4274 iilo
205 4216 306 4275 iambo
325 4215 418 4276 Meos
438 4227 550 4276 mutato
569 4217 671 4278 ordine
693 4221 849 4280 uerborum
870 4221 1007 4280 scriberet
1030 4219 1061 4278 in
1084 4220 1180 4295 primo
1201 4218 1276 4294 pede

136 4331 256 4390 nugas,
283 4332 377 4374 meas
406 4313 561 4376 collocaret
587 4316 617 4376 in
644 4329 757 4395 quarto.
809 4318 895 4377 Haec
921 4335 982 4377 non
1009 4317 1084 4376 adeo
1110 4317 1180 4374 milii
1207 4334 1277 4375 uera

136 4413 271 4472 uidentur
290 4423 321 4472 ut
344 4413 414 4472 nihii
433 4424 535 4474 contra
559 4414 616 4474 dici
635 4417 733 4491 possit.
782 4415 860 4475 Nam
875 4415 920 4494 (r)
940 4415 1011 4474 Plini
1032 4414 1149 4473 codices
1168 4413 1276 4472 habent

678 4535 730 4579 Rl'
