3142 5059
511 406 873 468 PROLEGOMENA.
1231 406 1267 463 vii

120 588 294 663 Ratherium,
321 592 493 669 episcopum
518 590 722 651 Veronensem
751 592 844 661 annis,
869 592 893 650 si
921 589 1082 649 Ballerinos
1110 590 1266 667 sequimur,

119 708 266 767 931-933‚
283 693 436 767 946-948,
452 692 603 767 961-968.
647 688 757 749 Hicin
780 706 918 749 sermone
937 706 1027 765 quem
1046 689 1182 749 Veronae
1204 709 1266 748 cre·

119 788 191 847 ditur
205 788 342 849 habuisse
356 807 435 849 anno
452 792 511 865 965
526 790 599 849 haec
614 789 690 849 dicit.
734 787 839 866 (Serra.
855 788 907 847 XI.
923 806 952 865 p.
965 791 1024 863 ⁶39
1039 785 1076 865 Β)
1095 786 1173 859 Quid
1182 789 1214 846 de
1227 808 1269 846 me

117 887 201 945 dicere
217 890 302 959 uada,
317 888 388 964 quid
398 890 473 947 ualea
486 890 612 964 cogitare,
627 894 653 945 et
666 895 698 946 ud
711 889 806 963 turpe'a
819 887 960 958 subsilens,
974 888 1085 945 honesta
1100 888 1186 945 salum
1199 896 1267 962 pra-

116 984 201 1043 iibiia
221 988 284 1044 lr'cei
302 986 464 1063 depromam,
478 988 508 1045 si
523 988 553 1045 in
572 988 628 1063 Iege
645 986 695 1057 dei,
710 993 744 1044 ui
756 986 897 1044 debitorem
912 986 1031 1063 mesore
1046 1004 1100 1043 nan
1116 987 1211 1057 nescia,
1225 988 1269 1045 edr’e

118 1082 192 1164 (aaa)
204 1085 319 1161 medrior
329 1106 363 1143 ac
372 1092 452 1157 nocie,
465 1084 608 1144 Catullum
622 1104 770 1161 numquam
785 1092 865 1143 antea
875 1084 979 1155 lectum,
989 1084 1125 1142 Plautum
1136 1085 1192 1141 eam
1203 1085 1266 1143 aleia

116 1182 171 1257 lega
180 1204 228 1240 nec
238 1184 342 1255 lectum
353 1185 486 1242 musicam
497 1185 604 1261 quanda
617 1194 692 1260 saepe
705 1189 820 1259 rogatus
834 1180 974 1258 expandi
1002 1181 1082 1242 Hinc
1094 1182 1267 1243 Leutschius

117 1292 144 1338 et
158 1280 329 1341 Schwabius
347 1283 526 1342 concludunt
541 1282 711 1343 Ratherium
727 1282 832 1342 Catulli
847 1283 953 1340 librum
970 1284 1001 1339 in
1018 1281 1194 1341 bibliotheca
1207 1282 1267 1341 Ve-

117 1380 234 1439 ronensi
254 1382 425 1458 repperisse,
447 1382 544 1457 ibique
563 1400 624 1440 non
644 1394 729 1441 antea
748 1382 856 1440 lectum
875 1381 988 1457 legisse.
1033 1379 1092 1440 Sed
1114 1380 1184 1439 nihil
1206 1391 1266 1439 tam

115 1496 256 1553 magnum
278 1480 346 1539 dicit
368 1479 531 1539 Ratherius.
574 1480 671 1539 Potuit
693 1479 798 1539 Catulli
818 1480 923 1537 librum
944 1498 963 1538 a
981 1478 1077 1538 Gallia
1097 1496 1198 1538 securn
1219 1480 1266 1539 uel

21 1576 22 1591 ¹
116 1592 151 1633 ex
179 1575 235 1635 alia
263 1578 335 1637 urbe
360 1576 460 1638 Italica
484 1578 607 1638 sortasse
632 1579 719 1637 etiam
743 1596 780 1637 ex
806 1576 905 1637 Roma
928 1576 1079 1636 Veronam
1107 1588 1265 1654 asportare.

116 1672 302 1751 Quocunque
326 1677 404 1735 enim
429 1678 588 1749 inuenerat,
603 1694 666 1735 non
687 1689 748 1736 erat
768 1694 837 1735 eum
857 1695 894 1735 err
915 1676 1051 1735 manibus
1072 1676 1265 1752 depositurus,

116 1772 158 1829 uir
184 1790 222 1831 ex
253 1774 428 1833 doctissimis
456 1774 564 1835 saeculi
592 1776 675 1846 illius,
702 1785 731 1833 et
755 1776 795 1833 ob
818 1774 950 1851 peritiam
974 1773 1135 1833 liberalium
1163 1775 1267 1833 artium

116 1874 318 1951 episcopatum
333 1876 465 1952 adeptus,
480 1876 617 1952 idemque
632 1874 777 1935 familiaris
793 1874 956 1945 Hincman',
966 1874 1097 1950 episcopi
1112 1872 1268 1933 Remensis

116 1972 309 2031 eruditissimi
352 1972 503 2050 Perpauca
516 1984 615 2033 tamen
629 1974 660 2033 in
675 1973 805 2033 Ratherii
824 1973 938 2050 scriptis
957 1973 1056 2031 inueni
1071 1991 1146 2049 quae
1160 1972 1267 2032 Catulli

116 2071 245 2129 carmina
273 2088 341 2130 eum
369 2072 475 2147 legisse
502 2082 652 2132 testentur.
704 2072 811 2147 Neque
835 2071 905 2131 illud
929 2072 1045 2141 mirum,
1070 2089 1165 2148 pauca
1188 2071 1268 2129 enim

19 2170 21 2185 '
116 2180 229 2229 exstant
252 2188 327 2246 quae
348 2181 417 2247 post
438 2181 553 2247 tempus
574 2172 681 2247 scripta
702 2172 857 2231 credantur
874 2188 934 2247 quo
950 2170 1096 2229 Catullum
1117 2188 1149 2228 se
1169 2170 1268 2246 legere

117 2266 191 2326 dicit.
224 2268 361 2327 Plautum
372 2269 492 2345 quidem
503 2286 565 2329 non
575 2288 641 2329 raro
654 2270 738 2329 affert
752 2286 786 2329 ac
800 2268 980 2338 Terentium,
991 2268 1082 2327 rarius
1093 2267 1268 2339 Phaedrum,

117 2367 231 2442 saepius
256 2366 414 2425 Horatium
437 2366 607 2427 quenalem
632 2368 771 2439 Persium,
796 2367 942 2426 interdum
967 2368 1055 2425 etiarn
1083 2383 1144 2425 non
1172 2366 1268 2425 nomi-

118 2460 224 2523 natos¹.

118 2701 177 2747 erim
194 2701 284 2749 habent
301 2716 421 2749 susannem
438 2701 522 2750 obstitit
537 2702 621 2759 sirm,
633 2718 702 2764 quarn
715 2713 741 2751 ut
752 2705 877 2765 quiequam
888 2704 917 2751 de
928 2718 957 2751 eo
969 2702 1114 2763 exploratam
1129 2702 1167 2752 sit.
1200 2704 1266 2751 Nihil

118 2784 145 2831 de
156 2785 250 2833 Catullo
265 2784 322 2833 dicit
334 2786 450 2841 Alcuinus,
462 2786 642 2847 Archepiscopus
653 2787 808 2843 Eboracensis,
819 2788 844 2834 in
855 2786 956 2834 carmine
966 2786 1030 2848 quod
1041 2787 1072 2834 de
1080 2786 1229 2834 Pontificibus
1243 2796 1267 2836 et

117 2871 198 2917 sancus
214 2870 331 2917 Ecclesiae
348 2870 496 2918 Eboraceusis
514 2871 602 2931 scripsit
615 2870 656 2932 (ll.
672 2886 693 2933 p.
709 2881 754 2934 257
772 2873 809 2919 ed.
823 2870 898 2934 1777)
910 2886 953 2917 nee
970 2884 1101 2931 quenquam
1117 2872 1222 2918 nominat
1240 2871 1269 2919 de

118 2952 188 3011 poetis
199 2952 240 3013 qui
253 2952 347 3013 quidem
359 2966 406 2998 non
418 2952 463 2999 sint
474 2952 606 3001 recentioris
616 2952 667 2999 aeui
679 2962 768 3013 praeter
779 2953 909 3016 Vergilium
919 2952 1019 2999 Statium
1031 2952 1158 3000 Lucanum.

150 3030 157 3060 ¹
174 3034 282 3081 Ratherii
294 3034 370 3095 Opera
382 3036 418 3082 ed.
431 3035 537 3082 Ballerini
553 3052 575 3098 p.
585 3034 641 3100 639.
675 3036 743 3084 liunc
754 3050 884 3084 sermonem
896 3036 1001 3082 Veronae
1012 3035 1119 3083 habimm
1131 3036 1163 3083 sic
1174 3035 1268 3083 conclu·

118 3115 189 3171 ditur;
206 3126 287 3165 cetera
303 3132 362 3179 quae
382 3118 406 3163 in
424 3118 541 3166 codicibus
561 3119 703 3179 reperiuntur
721 3106 761 3166 ubi
780 3120 838 3166 haec
856 3119 938 3179 scripta
957 3127 1018 3174 sunt,
1035 3118 1113 3165 omnia
1131 3118 1161 3165 ad
1178 3128 1269 3180 tempus

119 3199 229 3258 pertinent
248 3200 311 3261 quod
326 3198 463 3247 Ratherium
475 3201 581 3248 Veronae
597 3202 691 3247 tertium
709 3202 840 3248 restitumm
857 3211 960 3249 secutum
977 3209 1019 3248 est.
1052 3200 1109 3247 Sunt
1126 3210 1204 3248 autem
1222 3215 1269 3248 ser·

120 3294 196 3329 mones
213 3296 305 3331 omnes.
339 3282 429 3329 llomm
446 3284 557 3331 secundus
575 3285 621 3347 (est
639 3284 667 3331 de
685 3284 881 3348 Qradrsgesima)
899 3284 994 3344 scriptus
1013 3282 1104 3330 uidetur
1124 3298 1185 3329 anno
1204 3280 1269 3346 965;

121 3360 166 3423 ipse
182 3364 244 3411 enirn
262 3364 339 3410 lacurn
354 3364 433 3411 budae
449 3380 477 3413 ex
493 3381 522 3413 eo
536 3366 629 3414 ineunte
640 3381 702 3413 anno
714 3362 763 3429 966
775 3365 839 3426 (uide
851 3365 978 3430 Qeduatis
990 3365 1149 3413 Coniecturam
1165 3380 1189 3427 p.
1200 3364 1269 3426 381).

119 3444 219 3493 Semoni
240 3446 331 3493 additur
351 3447 466 3511 apologia.
485 3448 571 3510 inqua
590 3448 648 3496 haec
666 3448 728 3496 dicit.
763 3448 835 3495 'Non
853 3448 909 3495 dicit
925 3447 1050 3496 Ratbmiees
1066 3447 1192 3509 Episcopus
1208 3448 1271 3510 quod

18 3524 19 3531 ’
120 3529 225 3576 'mum
241 3528 321 3589 faeiat
341 3529 382 3593 qai
403 3531 470 3578 uadit
492 3532 526 3579 ad
543 3531 671 3579 Ecclesiam
694 3531 766 3579 saneti
788 3530 910 3579 Michaelis
932 3539 976 3577 aut
996 3530 1064 3577 audit
1085 3530 1179 3577 mnam
1196 3531 1270 3580 musti

121 3610 274 3659 'Michaelis'
308 3611 433 3660 Ecclesiam
449 3615 537 3675 deque
552 3614 653 3675 loquitur
668 3613 775 3661 Ballerini
792 3623 875 3674 putant
889 3623 949 3661 esset
964 3613 1118 3660 &Michaelis
1132 3614 1162 3660 ael
1177 3624 1269 3675 portam

121 3693 287 3751 Bursariorum,
299 3696 412 3743 Veronae.
444 3697 550 3744 Veronae
562 3696 631 3760 igitur
643 3696 715 3745 ethic
727 3712 803 3744 sermo
814 3706 838 3744 et
849 3697 919 3744 ceteri
931 3696 1003 3743 habiti
1016 3705 1075 3743 sunt.

150 3772 160 3803 ¹
176 3777 248 3838 Epist.
260 3778 279 3825 l.
314 3778 385 3842 Qeod
402 3779 460 3827 iaris
476 3780 522 3841 ipse
540 3794 586 3827 non
604 3794 655 3827 sum
671 3780 762 3842 proprii·
777 3788 799 3827 et
815 3780 906 3827 mam
925 3780 949 3825 in
965 3794 1013 3826 sese
1030 3780 1094 3841 quod
1107 3793 1177 3825 nemo
1194 3788 1269 3828 tentat

120 3856 254 3907 deemdm
266 3860 339 3921 (Pers.
350 3861 379 3907 V.
393 3860 443 3921 22).
477 3862 549 3931 Epist.
562 3861 604 3908 lll.
621 3862 701 3909 Nasci
713 3862 814 3924 pendens
824 3861 882 3925 quid
890 3862 991 3909 mettdax
1002 3861 1106 3917 Graecia,
1117 3862 1175 3924 qaid
1181 3862 1269 3924 pordes

119 3940 249 4000 gemtum
260 3950 348 4003 semper
358 3944 388 3991 de
391 3942 501 4003 salsitate
511 3945 599 4005 referm
609 3954 702 3999 ornata,
711 3944 945 4006 posthumianum
957 3944 1095 3991 caballinum
1106 3944 1270 4005 bicipitemque

122 4021 254 4071 Parnassum
274 4024 364 4086 (lunen.
376 4026 406 4073 X.
420 4036 475 4088 174,
494 4028 553 4074 Pers.
573 4028 631 4075 Prol.
648 4028 672 4087 a)
697 4028 807 4089 Ep.x11.
827 4026 934 4092 Quidam
952 4027 1068 4089 presbyter
1086 4042 1122 4075 me
1140 4043 1165 4074 os
1184 4027 1271 4075 uuluae
1357 4010 1361 4015 ’

122 4120 210 4153 ...rese
226 4106 340 4166 sedissem
363 4106 514 4157 bandalarem
537 4118 605 4172 atque
624 4108 744 4171 periurum
765 4109 893 4171 appellauit
911 4112 938 4171 (ξ
955 4108 1005 4169 ts).
1038 4109 1084 4156 Hie
1102 4124 1174 4171 mum
1192 4125 1270 4157 omnes

122 4184 180 4234 illud
191 4188 355 4237 Terentianum
372 4190 497 4237 uoluissent
512 4190 631 4239 iustissime
647 4192 781 4253 respondere
796 4193 819 4240 Ο
835 4193 922 4239 factum
938 4192 997 4240 bene
1009 4192 1075 4255 (Ter.
1086 4194 1146 4239 And.
1159 4194 1178 4240 l.
1192 4206 1213 4240 r.
1225 4193 1268 4255 78)

120 4268 212 4327 parmae
227 4270 303 4335 newis
318 4272 421 4319 amanei
435 4282 625 4335 eanmepauerant
639 4275 743 4323 stridore.
778 4274 903 4336 Qualitatis
916 4276 1056 4323 Coniectura
1071 4290 1094 4336 p.
1107 4284 1154 4338 377
1166 4279 1188 4323 A
1204 4276 1270 4324 Mut-

123 4358 154 4397 ωε
172 4366 304 4401 merens
324 4354 435 4417 ignobiles
457 4356 543 4403 stabilia
562 4365 627 4419 saepe
643 4357 732 4419 secisse,
751 4358 942 4421 nobilitatemque
961 4373 991 4405 ex
1010 4359 1114 4419 potentia
1134 4368 1157 4406 et
1176 4360 1269 4420 proprio

124 4442 173 4480 ectu
192 4451 262 4497 quam
281 4452 311 4485 ex
331 4438 414 4494 alieno,
430 4438 541 4487 Sallustio
560 4449 620 4495 teste,
640 4441 744 4502 pendere.
779 4442 923 4489 itinerarium
940 4457 963 4503 p.
974 4442 1057 4503 440D
1076 4442 1194 4505 digitoque
1205 4458 1270 4490 cous-

124 4528 211 4573 pescens
227 4520 334 4567 labellum
353 4520 465 4581 (quenal.
478 4522 494 4569 1.
511 4520 576 4579 root.
612 4524 682 4571 Serm.
700 4524 727 4571 ll.
747 4540 770 4585 p.
788 4523 871 4584 5881)
888 4526 985 4571 surdam
1004 4526 1081 4571 aunis
1099 4540 1144 4571 eras
1161 4526 1271 4585 praebeat
