3142 5059
627 397 683 454 AD
711 398 790 458 LXI.

471 705 708 766 ADDENDVM
736 706 775 766 ad
795 707 906 767 XLIII.
922 721 948 781 5.

181 858 240 919 Hic
261 879 362 920 uersus
390 861 601 922 Decoctoris
629 865 741 923 amica
768 863 946 923 Formiani
971 881 989 921 a
1009 861 1122 934 XLI.4
1143 863 1193 922 ubi
1214 873 1282 922 ante

136 957 243 1034 legitur
266 960 381 1036 triginta
406 962 491 1019 trium
514 980 650 1020 uersuum
674 962 768 1038 spatio
793 962 886 1020 distat
930 961 1009 1021 Hinc
1034 962 1057 1020 1.
1080 961 1190 1020 Mowat
1214 980 1283 1020 eum

137 1068 240 1116 censet
254 1059 284 1116 in
298 1057 408 1117 XLIII.
420 1073 437 1133 5
453 1079 504 1136 per
518 1078 646 1118 errorem
660 1061 819 1138 irrepsisse,
833 1079 899 1119 curn
915 1060 946 1117 in
961 1061 1055 1136 priore
1069 1059 1136 1119 loco
1150 1061 1199 1118 ubi
1213 1078 1282 1118 uere

136 1157 262 1232 scriptus
276 1167 320 1216 est
334 1158 364 1216 in
379 1175 494 1216 summa
507 1159 553 1216 uel
568 1159 626 1218 ima
639 1159 747 1235 pagina
761 1159 873 1218 stetisse
887 1158 1026 1217 uideatur.

489 1463 726 1522 Anonnnvru
751 1464 789 1523 aa
813 1464 925 1539 L1.13.

180 1617 248 1676 Huc
270 1619 412 1694 pertinere
432 1619 546 1679 uidetur
567 1619 699 1679 Macrob.
720 1619 777 1678 Sat.
796 1620 835 1678 11.
851 1633 877 1694 7.
894 1621 911 1677 6
934 1618 1063 1676 [oculari
1084 1619 1178 1676 derude
1202 1631 1282 1695 super

134 1740 217 1779 coena
230 1726 337 1793 'exorta
358 1724 510 1796 quaestione
531 1722 667 1796 quodnam
690 1729 758 1780 erret
779 1721 964 1781 molestum
992 1721 1099 1779 otium
1122 1722 1205 1778 alricd
1224 1723 1282 1779 alr'o

133 1821 263 1896 patrante
276 1820 323 1876 ille
336 1823 344 1850 ‘
355 1818 516 1896 Podagrici
519 1818 611 1895 pedes'
625 1821 723 1894 raqur'l.

483 2118 697 2180 EXCVRSVS
722 2121 759 2180 ad
784 2119 863 2179 LVI.
882 2140 926 2179 12.

178 2286 269 2359 Quod
286 2285 345 2345 DG
361 2286 470 2344 habent
489 2285 587 2356 Hem,
603 2286 632 2344 id
651 2285 773 2345 fortasse
792 2287 927 2362 antiquae
947 2287 1103 2362 scripturae
1123 2287 1278 2362 uestigium

133 2395 188 2444 est.
232 2383 306 2443 Cod.
321 2384 403 2443 Harl.
419 2386 498 2458 6514
519 2383 571 2441 En
590 2385 802 2443 demomlranlis
820 2392 860 2442 es!
875 2404 936 2442 cum
953 2386 1158 2460 z'ndignalione,·
1179 2388 1279 2444 elsim

133 2485 304 2558 aspiratione
316 2482 459 2539 rcrzllur.
500 2478 646 2539 quenalis
660 2499 749 2558 quam
763 2491 792 2540 te
806 2500 841 2540 ac
855 2485 915 2540 iura
929 2480 1077 2540 ferentem.
1120 2482 1197 2540 Hen
1217 2503 1278 2541 cam

132 2581 305 2656 aspiratione
329 2579 511 2654 respondentis
534 2586 578 2638 cst.
621 2579 678 2637 Pro
698 2578 760 2638 hec
781 2579 862 2656 quod
883 2599 950 2638 cum
971 2581 1073 2639 ceteris
1095 2599 1132 2638 ex
1154 2580 1210 2638 hic
1230 2581 1278 2639 uel

132 2681 213 2739 heic
237 2688 380 2738 mutatum
404 2677 502 2748 habui,
520 2678 620 2736 nescio
641 2695 678 2734 an
700 2695 759 2736 non
781 2678 938 2753 legendum
960 2680 997 2736 sit
1017 2697 1105 2737 ecce.
1147 2678 1278 2738 Coniun-

132 2791 243 2857 guntur
266 2777 318 2836 En
342 2795 423 2836 ecce
449 2776 516 2836 Sen.
537 2776 610 2836 Oed.
630 2795 706 2848 1004
732 2775 783 2834 En
811 2795 892 2836 ecce
919 2779 1016 2852 rapido
1042 2797 1125 2836 saeua
1148 2781 1281 2853 prosiluit

128 2879 229 2956 gradu
242 2876 351 2934 Iocarla
368 2894 470 2934 uecors.
511 2875 779 2952 Apuleiinret.1.1
802 2876 853 2935 En
874 2895 956 2936 ecce
971 2877 1140 2954 praefamur
1160 2882 1277 2951 ueniam,

132 2977 183 3036 ubi
210 2977 279 3036 uide
306 2974 548 3034 Hildebrandum.
569 2973 655 3034 VIII.
679 2977 715 3033 26
743 2973 868 3046 Puellae,
894 2995 1007 3033 sauata
1034 2977 1110 3034 uobr's
1131 2979 1278 3051 pulcellum

132 3094 175 3134 en
200 3093 281 3134 ecce
306 3079 442 3131 mercatus
459 3073 594 3147 perduxi.
635 3073 671 3132 X.
693 3093 710 3149 9
739 3072 823 3132 Iussi
845 3075 876 3130 de
903 3077 967 3132 meis
994 3077 1111 3149 aliquem
1138 3077 1279 3134 everriculo

132 3174 247 3232 laberna
265 3180 420 3248 promplam
441 3171 563 3247 afferre:
583 3179 609 3230 el
629 3190 670 3229 en
694 3190 774 3230 ecce
790 3173 932 3246 perlalam
952 3191 1045 3230 coram
1065 3173 1178 3230 exhaleo
1199 3173 1277 3251 (hen

132 3291 215 3331 ecce
243 3270 436 3329 Hildebrandi
465 3269 699 3330 Guelferbitanus
723 3269 761 3346 1).
818 3268 871 3326 XI.
889 3283 925 3342 15
953 3270 1005 3327 En
1035 3288 1115 3328 ecee
1143 3273 1276 3344 pristinis

131 3372 274 3429 aerumnis
300 3369 439 3426 absolutus
463 3367 550 3426 Isr'dis
573 3385 690 3442 magnae
711 3367 860 3440 prudentia
882 3368 1008 3442 gaudens
1030 3367 1139 3425 lucras
1166 3369 1198 3424 de
1223 3387 1277 3425 rua

120 3470 250 3547 fiorluna
269 3469 432 3543 triumphat.
475 3463 671 3526 Gloss.B0d1.
694 3464 792 3542 (Auel.
807 3464 844 3522 T.
859 3465 898 3522 11.
916 3463 966 3542 24)
987 3464 1125 3523 Enecce
1147 3468 1233 3523 iacal
1250 3472 1279 3525 et

131 3588 192 3626 cum
206 3587 240 3625 ae
253 3565 307 3646 (ui)
322 3568 398 3625 clarc
412 3565 459 3624 uel
469 3565 619 3642 marpesia.
661 3562 706 3624 cf.
721 3562 821 3620 Hand.
837 3562 990 3622 Tursellin.
1006 3563 1045 3621 II.
1062 3577 1129 3638 373.

456 3855 694 3917 Annnnnvnr
719 3855 756 3914 au
779 3854 858 3913 nxr.
876 3857 949 3930 (99.)

456 4014 567 4074 Proca
587 4015 702 4090 turpia
722 4030 949 4089 persequens.

172 4158 263 4232 Quod
282 4160 312 4218 in
331 4158 520 4218 adnotatione
539 4158 577 4217 ad
595 4157 674 4216 hunc
691 4157 788 4215 locum
803 4157 965 4232 suspicatus
979 4175 1044 4215 sum
1058 4158 1116 4216 huc
1131 4159 1273 4233 pertinere

131 4259 229 4319 Gloss.
245 4257 316 4317 Ball.
359 4257 510 4333 Progom
534 4257 834 4332 uituperationem
856 4255 886 4315 id
906 4256 1110 4314 confirmatum
1134 4257 1211 4315 duco
1236 4277 1272 4315 ex

18 4389 19 4392 ¹
131 4360 198 4419 loco
212 4358 353 4418 Varronis
373 4356 409 4415 de
424 4356 539 4432 Lingua
552 4353 656 4413 Latina
669 4354 738 4412 VII.
755 4357 793 4412 80
812 4354 862 4412 ubi
882 4372 937 4430 pro
957 4372 994 4412 eo
1014 4354 1094 4430 quod
1116 4353 1273 4413 Muellerus

131 4457 211 4517 dedit
238 4473 386 4532 procare
415 4455 473 4513 duo
502 4451 618 4512 codices
649 4451 757 4510 habent
789 4469 950 4526 progare,
980 4463 1036 4510 tres
1067 4470 1271 4529 prorogare.

676 4565 733 4608 uu
