3142 5059
517 396 881 460 PROLEGOMENA.
1183 395 1272 453 xxxix

119 579 234 641 XXIV.
255 600 282 652 a,
306 598 369 641 non
393 591 460 658 post
485 580 597 641 XXIV.
618 600 663 641 10.
714 580 791 641 Illud
814 581 903 639 etiam
927 578 1078 655 proprium
1102 588 1147 638 est
1170 576 1274 637 Bono·

1 702 3 713 ¹
118 680 229 739 mensis
243 679 325 756 quod
339 698 365 739 c.
380 679 522 739 XXXIV.
541 678 745 753 15-XXXV.
764 697 800 750 14
820 679 866 738 his
885 678 976 736 habet
995 678 1144 753 scriptum,
1157 677 1188 734 in
1204 676 1273 735 loco

120 795 176 837 suo
190 788 229 848 et,
243 788 276 839 ut
290 777 359 849 dixi,
373 777 404 835 in
418 777 526 853 pagina
539 778 642 853 prima.
685 775 804 835 Contuli
818 777 881 852 ipse
895 774 1057 833 Bononiae.

162 888 232 949 M.
267 891 479 949 Laurentianus
506 908 518 949 1
543 892 574 949 in
596 890 794 950 Laurentiano
811 890 993 950 Bibliotheca
1013 888 1177 947 Florentiae
1197 886 1272 945 Plut

122 1006 170 1062 33.
187 987 264 1047 Cod.
280 1005 325 1061 13.
362 986 606 1047 Membranaceus
621 998 673 1057 est,
689 989 813 1064 scriptus
828 1006 864 1059 41
882 988 958 1046 loliis
975 1006 1011 1062 29
1026 1004 1172 1044 uersuum.
1202 983 1275 1042 Post

120 1084 271 1143 Catullum
286 1085 375 1143 habet
388 1084 478 1144 Persii
494 1085 620 1145 Saturae.
654 1084 819 1145 Nonnullas
832 1103 947 1143 rasuras
960 1082 1081 1159 accepit,
1097 1082 1194 1141 sedin
1207 1081 1273 1139 uni-

120 1200 242 1243 uersrrm
260 1182 393 1258 proxime
412 1182 523 1242 accedit
541 1184 579 1242 ad
593 1183 832 1254 Bononiensem
854 1200 914 1259 quo
935 1191 1035 1240 tamen
1055 1180 1199 1238 recentior
1219 1188 1273 1237 est.

122 1279 244 1340 Connffl
256 1281 320 1357 ipse
334 1280 507 1340 Florentiae.

171 1384 201 1443 V.
237 1385 396 1447 Vaticanus
414 1390 500 1461 1630,
515 1386 617 1446 ‘Sacc
633 1385 691 1443 XV
705 1386 839 1455 ineuntis,
855 1384 1013 1443 Cartaceus
1031 1384 1062 1440 in
1081 1382 1176 1441 forma
1194 1399 1272 1439 max.

122 1481 286 1541 ‘Continet
309 1494 380 1542 octo
399 1483 493 1543 Plauti
514 1482 692 1543 Comoedias
714 1482 981 1561 (Amphitruonem,
1001 1479 1175 1549 Asinariam,
1195 1477 1274 1553 Cap-

121 1579 231 1650 ‘tiuoa
257 1578 472 1650 Curculionem,
498 1580 646 1649 Casinam,
671 1578 871 1649 Cistellariam,
900 1575 1078 1654 Epidicum)
1107 1586 1136 1634 et
1167 1576 1274 1635 Catulli

122 1680 130 1707 ‘
146 1677 261 1748 librum,
276 1680 314 1736 ab
328 1696 388 1737 una
401 1678 502 1737 omnia
515 1679 732 1753 manuscripta.
775 1675 892 1734 Titulos
909 1693 971 1734 non
990 1674 1046 1733 nisi
1064 1685 1122 1733 tres
1141 1674 1229 1733 habet
1242 1674 1272 1731 in

122 1776 241 1851 ‘prima
264 1775 380 1850 pagina.
430 1772 466 1832 ln
491 1774 608 1851 reliquis
632 1773 808 1832 carminibus
832 1773 883 1830 ubi
905 1772 1024 1848 quidem
1048 1772 1161 1830 titulum
1185 1772 1274 1830 ceteri

122 1872 265 1931 ‘codices
279 1872 396 1943 habent,
411 1890 471 1931 una
488 1872 565 1931 linea
583 1890 677 1931 uacua
694 1872 794 1930 relicta
812 1880 842 1929 et
860 1870 954 1945 prima
972 1870 1057 1945 primi
1071 1887 1173 1928 uersus
1192 1869 1274 1927 litera

122 1971 264 2043 'omissa
279 1972 409 2031 secunda
422 1969 516 2030 forma
533 1971 693 2029 maiuscula
712 1970 819 2045 scripta
838 1979 890 2027 est.
933 1968 1071 2044 Singulae
1089 1968 1214 2043 paginae
1235 1984 1271 2040 31

112 2072 130 2099 ·‘
146 2068 279 2127 uersibus
301 2068 427 2143 spatium
447 2070 589 2144 praebent
611 2068 694 2127 lineis
715 2068 818 2127 ductis.
861 2066 1012 2125 Nonnulla
1035 2065 1160 2124 correxit
1184 2065 1275 2124 serior

123 2169 252 2223 ‘manus
275 2165 336 2223 siue
359 2165 389 2223 in
411 2173 493 2224 textu
515 2165 648 2241 suppleta
670 2166 731 2224 siue
753 2166 871 2241 appicta
890 2166 921 2222 in
941 2163 1091 2238 margine!
1134 2161 1219 2221 Haec
1239 2160 1273 2221 F.

122 2262 385 2339 VmpfenbachiuS,
400 2263 450 2339 qui
463 2263 597 2321 codicem
611 2280 665 2338 pro
680 2280 728 2320 me
743 2260 859 2320 Romae
873 2260 1007 2318 excussit.

163 2376 367 2450 Pln'llippensei
380 2377 411 2433 in
425 2376 608 2435 Bibliotheca
618 2374 753 2433 Thomae
768 2373 909 2450 Phillipps
927 2387 1016 2448 9591,
1029 2381 1188 2440 cartaceus‚
1200 2387 1275 2429 con·

121 2474 195 2535 tinet
209 2471 356 2533 Catullum
370 2494 405 2534 ac
420 2474 578 2534 Tibullum.
620 2474 763 2533 Exaratus
777 2484 823 2533 est
836 2490 915 2531 anno
933 2486 1009 2546 1453
1024 2480 1056 2530 ut
1073 2489 1109 2529 ex
1128 2471 1275 2545 subscrip·

121 2572 203 2630 tione
224 2582 345 2647 apparet
365 2572 395 2630 in
410 2570 518 2629 Tibulli
539 2570 598 2629 fine
621 2572 720 2631 addita
742 2570 853 2629 Tibulli
865 2576 960 2645 poetae
979 2570 1050 2627 liber
1067 2568 1184 2642 explicit
1198 2565 1275 2623 III⁰

121 2670 195 2728 Idus
207 2669 321 2727 sextilis
331 2668 373 2727 M
374 2680 389 2713 ⁰
395 2668 524 2729 CCCC⁰
531 2668 624 2726 LIII
623 2682 638 2713 ⁰
651 2668 807 2745 Conegloni
817 2671 872 2725 mei
877 2667 912 2724 F
908 2670 1033 2726 rancato·
1041 2666 1163 2727 Crobali
1176 2663 1273 2723 Vemti.

122 2766 169 2826 Ex
190 2768 297 2825 eodem
318 2767 399 2827 sonte
420 2786 489 2826 eum
509 2766 690 2825 Bononiensi
710 2766 808 2838 fluxit;
831 2785 899 2825 cum
913 2784 973 2844 quo
989 2766 1078 2824 etiam
1096 2764 1127 2821 in
1145 2763 1274 2822 minimis

123 2866 277 2936 consentit,
289 2884 313 2924 e.
319 2882 347 2940 g.
359 2864 518 2922 lacusteolae
531 2882 585 2940 pro
598 2864 724 2921 lacteolae
737 2862 801 2923 LV.
813 2860 889 2942 (17.)
931 2862 999 2940 Ipse
1014 2862 1123 2921 contuli
1137 2862 1168 2919 in
1182 2862 1273 2920 domo

123 2962 261 3022 Thomae
276 2961 425 3037 Phillipps,
440 2960 620 3021 Cheltoniae.

163 3068 208 3127 H.
243 3066 486 3142 Hamburgensis,
511 3067 577 3126 cod.
602 3066 745 3141 Philolog.
773 3064 1007 3139 8111111139,
1031 3065 1274 3123 membranaceus

122 3164 219 3224 forma
232 3164 389 3234 octonaria,
405 3180 480 3222 saec.
495 3162 561 3221 XV.
604 3161 686 3220 Faba
699 3160 788 3219 habet
805 3163 871 3233 164.
913 3161 1029 3219 Folium
1047 3160 1079 3217 in
1095 3177 1156 3235 quo
1175 3158 1275 3233 scripti

122 3272 191 3321 sunt
205 3261 315 3319 Tibulli
329 3260 353 3319 I.
368 3279 392 3319 1.
409 3273 485 3333 1-45
500 3259 599 3335 periit;
620 3258 725 3317 exinde
747 3260 823 3331 1-38
842 3257 952 3316 habent
970 3256 1129 3325 Tibullum,
1152 3268 1272 3329 39-117

122 3358 316 3434 Ptopertium,
341 3359 478 3431 118-163
499 3355 654 3425 Catullum,
679 3356 735 3426 164
757 3354 947 3430 Epigramma
967 3353 1020 3410 Ad
1035 3355 1163 3426 pabeam
1186 3354 1274 3410 uenio.

124 3455 263 3531 Singulae
290 3454 415 3531 paginae
443 3453 503 3512 iere
531 3470 647 3528 semper
676 3466 712 3525 25
738 3469 877 3509 uersuum
905 3459 980 3509 sunt.
1023 3449 1156 3508 Collatus
1183 3457 1229 3507 est
1255 3464 1275 3507 a

124 3551 289 3621 Schwabio,
310 3559 340 3609 et
359 3568 414 3627 pro
436 3568 483 3609 me
504 3552 543 3609 ab
565 3548 793 3624 Hamburgensi.

162 3652 232 3715 [α’.
268 3655 341 3716 Plut
358 3675 395 3731 33
410 3655 515 3715 Codex
532 3674 567 3714 ra
580 3654 654 3713 Bibl.
669 3654 891 3712 Laurentianae.
924 3650 1169 3710 Membranaceus
1184 3649 1276 3726 scrip-

121 3767 170 3815 tus
183 3754 261 3813 loliis
276 3772 324 3830 49,
338 3771 478 3813 uersuum
495 3772 542 3825 14.
583 3750 655 3811 Post
675 3749 823 3810 Catullum
844 3751 973 3825 sequitur
995 3748 1139 3806 Tibullus.
1182 3747 1275 3806 Cuius

122 3852 154 3911 in
168 3852 226 3910 line
240 3852 381 3927 scriptum
395 3861 439 3909 est
456 3848 626 3909 Gherardres
639 3847 778 3906 Iohannis
798 3848 843 3905 del
857 3846 988 3922 Ciriagzo
1007 3847 1078 3903 eeicis
1091 3844 1275 3903 Florenlritus

121 3950 238 4023 1σῷεᾶ
265 3958 320 4023 pro
349 3946 476 4005 Iohanne
505 3945 601 4006 Carme
630 3945 662 4002 de
687 3944 809 4002 Medicis
841 3946 938 4018 optino
968 3945 1027 4000 ciue
1052 3941 1215 4000 Flormlino
1242 3942 1275 3998 de

121 4064 196 4107 anno
208 4044 255 4103 M
252 4044 389 4105 CCCCL
399 4042 464 4102 VII
473 4044 504 4101 de
517 4061 605 4101 moue
621 4041 699 4099 Iulii.
734 4042 820 4100 Idem
834 4041 930 4100 scriba
942 4040 1159 4098 Memmianum
1170 4038 1273 4117 (Paris.

123 4140 218 4219 8133)
234 4142 364 4201 exarauit
378 4160 458 4201 anno
475 4143 561 4215 1465.
604 4138 762 4209 Nonnulla,
784 4139 837 4198 sed
858 4156 960 4215 pauca,
981 4138 1070 4196 habet
1090 4155 1109 4196 a
1129 4136 1274 4212 plerisque

122 4241 275 4303 codicibus
289 4240 492 4315 discrepantia.
534 4236 654 4297 Contuli
675 4236 738 4311 ipse
756 4234 928 4294 Florentiae.
971 4234 1031 4294 Hic
1052 4243 1096 4293 est
1116 4233 1163 4291 ille
1184 4248 1274 4307 quem

121 4340 153 4407 in
167 4338 236 4397 edit.
251 4356 306 4397 sua
318 4337 527 4397 Lachmannus
542 4336 610 4395 citat
624 4334 860 4393 Laurentianum.

173 4442 236 4503 Ven.
273 4442 405 4503 Venetus
418 4444 449 4501 in
464 4440 644 4501 Bibliotheca
659 4439 687 4499 S.
699 4439 802 4511 Marci,
817 4450 967 4499 cartaceus
980 4457 1009 4498 n.
1025 4448 1091 4509 107,
1106 4435 1190 4494 class.
1202 4431 1274 4505 Xll,
