3142 5059
300 372 366 430 xxiv
694 371 1051 434 PROLEGOMENA.

301 557 369 615 ideo
385 556 454 613 mihi
474 574 535 615 non
549 574 585 615 ex
600 558 680 615 omni
700 568 782 633 parte
801 576 871 617 uera
883 557 997 617 uidetur
1013 558 1094 634 quod
1112 574 1167 616 nec
1186 556 1216 615 in
1236 555 1345 633 reliqua
1363 566 1448 632 parte

303 656 367 713 libri
382 654 534 714 Catulliani
552 656 708 732 quicquam
722 656 848 733 expedit,
864 675 919 715 nec
937 658 968 714 in
986 658 1031 716 bis
1049 658 1120 733 ipsis
1136 656 1312 715 carminibus
1332 667 1448 733 praeter

303 755 464 813 carminum
482 753 811 812 LXXXVII-LXXV
825 755 1057 815 disiunctionem.
1098 754 1169 814 Non
1189 756 1268 813 enim
1287 755 1327 813 ita
1345 764 1447 813 osten-

304 852 379 911 ditur
393 852 544 928 quomodo
557 851 725 911 LXXXIV.
742 870 768 927 3,
784 873 802 925 4
816 852 861 911 E!
874 858 932 911 tum
948 853 1179 930 mr'rrfice-Cran
1191 860 1322 929 quanm
1336 858 1451 927 poterat

304 970 341 1009 ex
365 951 432 1009 loco
457 968 511 1009 suo
533 952 604 1010 moti
628 970 706 1009 nunc
730 962 799 1027 post
820 951 988 1011 LXXXIV.
1004 970 1039 1010 10
1059 962 1136 1011 stent
1156 952 1188 1010 in
1209 951 1368 1021 codicibus,
1388 968 1447 1009 nec

301 1049 453 1126 quomodo
477 1067 578 1109 uersus
603 1046 661 1107 Sed
685 1068 757 1107 nunc
781 1051 814 1108 id
833 1050 1025 1128 doleo-sarna
1051 1051 1269 1126 loquelarum
1292 1050 1323 1107 in
1346 1048 1447 1108 locum

303 1146 429 1205 alituum
449 1156 516 1223 post
531 1146 701 1206 LXXVIII.
718 1148 736 1205 6
756 1147 836 1205 inlati
852 1147 965 1219 fuerim,
979 1166 1035 1209 nec
1053 1149 1205 1224 quomodo
1225 1147 1318 1207 XCV.
1334 1168 1352 1220 4
1366 1147 1445 1207 exci-

304 1246 384 1305 derit
426 1246 463 1305 Et
490 1256 522 1305 ut
549 1246 710 1305 concedam
739 1247 837 1306 titulos
865 1248 895 1305 ln
921 1248 981 1305 ima
1007 1248 1115 1325 pagina
1139 1262 1208 1306 casu
1232 1264 1446 1323 nonnunquam

302 1348 428 1405 omissos
453 1345 549 1417 luisse,
574 1346 707 1405 consulto
731 1347 771 1405 ibi
795 1366 912 1423 semper
935 1348 1155 1424 praetenuissos
1179 1364 1241 1406 non
1264 1347 1445 1406 crediderim.

305 1445 364 1506 Sed
388 1456 486 1505 tamen
514 1465 588 1524 quae
613 1448 673 1505 duo
700 1456 767 1506 sunt
795 1448 955 1506 rationibus
979 1447 1096 1524 Bergkii
1120 1447 1253 1507 Boehmii
1273 1447 1446 1525 Westphalii

303 1544 479 1615 communia,
494 1541 540 1623 (ι)
554 1544 635 1620 quod
648 1563 766 1604 uersum
779 1544 867 1603 Nunc
873 1551 1017 1620 patrantur,
1032 1546 1145 1603 uerbum
1159 1564 1213 1604 non
1219 1546 1315 1624 sacar
1322 1553 1447 1621 potrum

303 1642 436 1701 ultimum
451 1643 558 1701 faciunt
571 1644 695 1719 paginae
710 1641 755 1721 (2)
769 1643 850 1719 quod
864 1642 1047 1702 LXXXVII.
1064 1663 1081 1716 4
1100 1663 1118 1703 a
1133 1643 1254 1703 LXXV.
1269 1663 1282 1702 1
1300 1644 1446 1703 abscissus

304 1760 340 1801 ex
355 1742 535 1818 transpositis
549 1741 664 1801 duobus
678 1741 753 1800 toliis
767 1742 935 1818 explicatur,
947 1742 1019 1801 haec
1033 1744 1104 1801 tanti
1118 1752 1186 1802 sunt
1198 1752 1231 1801 ut
1243 1743 1365 1802 libenter
1375 1761 1445 1801 cum

302 1840 414 1900 ratione
428 1858 463 1899 ea
476 1856 637 1915 congruere
651 1840 766 1899 uideam
780 1858 856 1918 quae
870 1840 901 1899 in
914 1840 1024 1917 reliqua
1037 1852 1118 1918 parte
1132 1842 1292 1901 carminum
1302 1842 1364 1900 ueri
1373 1840 1446 1899 mihi

302 1940 417 1999 uidetur
431 1938 557 1997 similior.

345 2036 448 2095 Restat
466 2036 565 2112 opinio
580 2034 745 2105 Froehueri,
760 2035 960 2094 existumantis
974 2054 1012 2109 32
1028 2054 1129 2096 uersus
1148 2037 1178 2095 iu
1196 2046 1318 2113 utraque
1337 2037 1447 2115 pagina

304 2134 451 2211 archetypi
470 2133 566 2203 luisse,
580 2133 636 2191 hos
650 2142 747 2191 autem
761 2133 885 2209 scriptos
899 2133 1013 2192 duabus
1026 2134 1170 2195 columnis
1185 2153 1324 2194 uersuum
1340 2154 1445 2194 senum

304 2236 421 2293 denum
449 2230 545 2291 Etiam
558 2231 629 2290 illud
643 2232 753 2307 primus
766 2231 923 2307 perspexit,
934 2231 1034 2290 titulos
1048 2232 1243 2291 numerandos
1257 2250 1330 2293 esse.
1359 2232 1446 2293 Haec

302 2349 374 2389 uera
394 2348 459 2389 esse
479 2339 509 2389 et
529 2329 618 2388 credo
638 2337 668 2386 et
688 2328 889 2386 demonstrare
910 2346 958 2386 me
982 2347 1069 2405 posse
1094 2330 1224 2388 arbitror.
1273 2330 1342 2388 Dixi
1362 2332 1446 2389 initio

303 2430 539 2507 Prolegomenon
559 2424 601 2507 (p.
620 2424 648 2506 1)
671 2427 701 2485 in
719 2426 883 2485 Thuanaeo
904 2427 1005 2486 codice
1026 2438 1124 2487 extare
1144 2429 1267 2505 uestigia
1286 2429 1364 2488 unde
1384 2430 1446 2488 col·

304 2530 438 2606 ilgeretur
458 2546 484 2587 c.
499 2527 586 2585 LXII
606 2544 642 2585 ex
665 2526 778 2603 paginis
797 2526 843 2584 uel
863 2526 1007 2585 columnis
1028 2528 1204 2604 descriptum
1224 2528 1312 2587 fulsse
1330 2530 1365 2587 16
1379 2547 1446 2587 uer·

302 2646 399 2698 suum,
421 2627 555 2702 idemque
576 2625 740 2684 confirmari
762 2624 913 2683 codicibus
933 2623 1050 2685 Datano
1070 2644 1105 2685 ac
1126 2626 1379 2703 sangermanensi,
1393 2628 1447 2687 ubi

303 2726 439 2785 carmInis
459 2722 546 2782 LXII
569 2722 655 2798 aliqui
674 2740 776 2781 uersus
795 2722 907 2780 eisdem
927 2722 986 2781 fere
1007 2723 1158 2784 decausis
1178 2725 1279 2784 omissi
1299 2734 1386 2802 atque
1405 2725 1447 2784 iiii

299 2825 351 2887 alii
371 2825 402 2881 in
421 2822 585 2881 Thuanaeo
606 2821 779 2880 uiderentur.
826 2819 917 2892 Quod
937 2832 1018 2897 patet
1037 2823 1124 2882 etiam
1144 2822 1237 2882 latius.
1278 2822 1358 2882 Nam
1377 2834 1447 2901 post

303 2921 412 2981 LXIV.
429 2935 486 2995 355
505 2917 691 2995 Troricgermm
711 2918 809 2997 tiasesto
822 2925 1001 2995 prosternens
1018 2930 1133 2995 corpora
1141 2920 1232 2998 ferro
1249 2939 1325 2980 unus
1344 2939 1448 2982 uersus

303 3020 455 3089 intercidit,
469 3028 501 3076 ut
521 3028 551 3077 et
571 3035 608 3076 ex
628 3018 711 3075 metri
731 3017 796 3093 lege
817 3027 938 3093 apparet
958 3027 987 3076 et
1008 3018 1166 3091 sententia;
1187 3018 1265 3079 hunc
1284 3020 1309 3077 si
1329 3030 1447 3079 sextum

305 3120 452 3179 decimum
472 3116 595 3176 facimus
616 3117 748 3192 paginae,
769 3134 844 3191 quae
865 3126 1002 3175 secuntur
1022 3126 1119 3175 autem
1139 3117 1170 3174 ln
1190 3117 1313 3193 paginas
1330 3120 1365 3175 16
1380 3136 1447 3177 uer-

303 3235 389 3276 suum
404 3217 507 3293 pariter
521 3214 725 3284 distribuimus,
735 3232 838 3273 uersus
851 3214 898 3273 ille
912 3225 981 3291 post
994 3216 1053 3289 386
1067 3215 1255 3291 interpolatus
1264 3214 1448 3291 languriirirr

302 3324 396 3375 tenera
410 3317 459 3372 cui
461 3315 581 3389 pendero
593 3313 683 3370 sicula
696 3312 754 3369 beta
768 3312 878 3388 primus
891 3312 924 3370 tit
942 3312 1075 3388 paginae,
1088 3330 1149 3389 quo
1162 3312 1246 3371 facile
1259 3332 1296 3371 ex
1309 3312 1376 3373 loco
1390 3332 1448 3375 sno

304 3413 450 3473 transferri
464 3414 565 3489 potuit,
577 3428 646 3470 mox
661 3409 752 3469 LXV.
766 3412 784 3467 8
796 3409 932 3486 Ereplmn
945 3414 1048 3469 nostrai
1060 3412 1156 3470 obterit
1165 3430 1204 3469 ex
1217 3412 1302 3471 ocula
1316 3412 1448 3489 quintus-

303 3512 435 3571 decimus
450 3520 493 3569 est
507 3511 578 3569 alius
592 3508 725 3587 paginae,
739 3508 838 3567 locum
852 3509 925 3569 sexti
939 3508 1046 3569 decimi
1059 3510 1170 3569 obtinet
1179 3509 1320 3585 Alloquor
1332 3510 1449 3569 aadr'em

305 3628 444 3687 remquam
458 3616 506 3667 lua
573 3603 727 3684 loquentur,
742 3608 805 3665 siue
821 3607 938 3666 mutilus
956 3608 981 3665 is
1000 3618 1044 3668 est
1062 3608 1124 3667 siue
1137 3608 1345 3685 supposititius,
1358 3627 1449 3668 uems

305 3710 384 3769 enim
406 3726 507 3767 uersus
529 3706 639 3779 facilius
663 3708 694 3765 in
715 3706 770 3765 hac
795 3706 866 3765 sede
889 3708 1033 3783 periturus
1057 3716 1126 3767 erat.
1176 3707 1278 3784 Itaque
1302 3707 1449 3769 habemus

303 3827 424 3869 causam
448 3826 499 3867 cur
521 3808 582 3867 duo
605 3824 706 3867 uersus
731 3806 899 3879 exciderint,
924 3808 1025 3867 tertius
1048 3826 1085 3867 cx
1113 3807 1180 3868 loco
1208 3826 1264 3868 suo
1290 3809 1449 3871 translatus

305 3909 398 3980 luerit,
426 3908 450 3966 si
479 3905 584 3969 Catulli
618 3905 798 3982 archetypon
831 3904 870 3965 ad
901 3906 979 3965 hunc
1009 3924 1162 3967 numerum
1192 3909 1228 3965 16
1264 3924 1448 3968 reuocamus.

305 4007 397 4080 Quod
410 4006 497 4064 etiam
511 4004 691 4064 manifestius
705 4004 799 4063 elucet
812 4004 842 4061 in
855 4022 881 4063 c.
895 4003 975 4064 LXI.
1017 4005 1063 4065 Ibi
1083 4006 1161 4064 enim
1182 4016 1250 4081 post
1269 4023 1297 4064 u.
1314 4024 1351 4080 49
1373 4006 1449 4066 Cae-

302 4108 383 4165 litum
400 4103 578 4175 Olrynrenaee
597 4104 693 4179 hymen
713 4101 843 4178 sequitur
862 4101 891 4160 in
912 4102 1057 4181 plerisque
1076 4103 1227 4163 codicibus
1246 4104 1450 4179 compararier

303 4206 385 4274 cusai,
401 4204 450 4279 qui
473 4211 540 4279 post
558 4205 593 4261 16
616 4220 718 4261 uersus
741 4202 845 4260 iterum
866 4200 897 4260 in
919 4220 972 4260 sua
994 4202 1064 4261 sede
1085 4202 1197 4280 positus
1219 4214 1272 4263 cst.
1314 4202 1385 4263 Hoc
1407 4202 1451 4265 ita

304 4302 437 4363 euenisse
451 4300 547 4361 credo.
