3142 5059
322 370 383 426 230
720 363 778 423 DE
802 362 1067 424 PARTITIONE

318 552 391 611 istae
413 552 488 610 inter
510 568 542 611 se
563 551 731 611 huiusmodi
755 551 911 610 nota-ab
934 549 1047 625 origine
1069 549 1285 625 separabanmr.
1338 546 1431 619 Quae
1453 550 1475 605 si

320 648 549 727 Hephaestionis
576 659 708 725 tempore
736 648 795 707 iam
822 647 998 718 exciderant,
1023 657 1159 723 poterant
1182 646 1269 704 etiam
1294 646 1325 703 in
1348 646 1474 704 aliorum

319 748 498 805 canuimbus
518 746 662 815 excidere,
678 746 848 822 praesertim
866 745 963 803 minus
984 745 1061 803 notis
1081 754 1110 803 et
1130 762 1206 821 quae
1226 741 1338 801 nullam
1361 753 1475 801 mutam
1529 758 1530 773 ¹

319 846 485 903 criticorum
508 844 688 921 diligentiam
712 854 833 919 experta
853 842 1069 919 exemplaribus
1089 842 1186 901 minus
1213 840 1335 901 sinceris
1358 841 1476 916 prodita

319 952 428 1001 essent.
1529 938 1530 951 ¹

361 1039 421 1099 Sed
445 1050 580 1115 poterant
607 1039 673 1097 solo
701 1038 861 1109 interuallo,
890 1056 953 1097 non
980 1046 1052 1096 uota
1079 1037 1213 1113 separari.
1269 1032 1344 1093 Non
1374 1035 1474 1103 credo,
1529 1076 1530 1079 ο

319 1138 422 1196 saltem
436 1155 455 1195 a
467 1132 604 1208 criticis¹3
626 1136 678 1195 sed
699 1144 763 1193 esto
776 1146 809 1194 ut
826 1135 890 1194 solo
911 1134 1062 1193 interuallo
1084 1134 1244 1193 disiunctae
1265 1130 1392 1205 lucrina
1422 1132 1474 1191 ha-
1529 1186 1530 1189 ,

318 1235 424 1293 bemus
448 1233 526 1292 aliud
546 1242 750 1307 argumentum
770 1250 831 1309 quo
853 1232 1051 1291 defendamur.
1095 1230 1174 1289 Nam
1194 1230 1219 1289 si
1240 1240 1327 1288 notae
1354 1231 1472 1289 excide-

317 1340 394 1399 runt,
422 1330 516 1388 multo
542 1331 638 1405 magis
665 1330 838 1403 interualla;
874 1348 950 1407 quae
983 1347 1038 1387 nec
1066 1328 1169 1388 oculos
1196 1337 1345 1386 moratura
1373 1342 1473 1386 essent

318 1428 464 1487 incuriose
484 1426 652 1503 legentium,
672 1438 701 1487 et
721 1429 745 1486 si
766 1428 942 1487 dictarentur
961 1444 1071 1495 uersus,
1085 1443 1170 1485 aures
1189 1425 1382 1483 scribentium
1403 1425 1471 1484 laci-
1529 1468 1530 1477 ο

318 1526 374 1585 lius
387 1526 525 1585 fallerent.
567 1525 608 1584 Vt
621 1536 654 1584 ut
671 1545 703 1585 se
723 1544 771 1585 res
791 1526 880 1585 habet
898 1526 955 1584 hoc
976 1544 1068 1584 unum
1078 1524 1245 1601 exemplum
1260 1522 1297 1581 ad
1316 1523 1347 1581 id
1366 1524 1472 1583 sufficit
1529 1516 1530 1585 ζ

318 1624 400 1699 quod
421 1634 587 1681 tractamus.
640 1622 847 1683 Nobilissimae
872 1624 1004 1681 omnium
1025 1622 1154 1698 poetriae
1176 1619 1364 1697 stropharum
1388 1623 1473 1696 signa
1529 1674 1530 1689 ,

319 1722 378 1779 iam
395 1720 624 1796 Hephaestionis
643 1720 762 1780 saeculo
778 1721 890 1779 nisiex
911 1720 1122 1795 antiquioribus
1141 1718 1283 1793 exemplis
1304 1718 1471 1794 perierant;
1529 1772 1530 1803 ,

319 1836 371 1877 cur
384 1836 446 1877 non
460 1819 538 1877 idem
552 1819 583 1876 in
598 1817 712 1876 Catullo
727 1817 881 1877 credamus
895 1818 1036 1887 euenisse,
1046 1817 1084 1875 de
1098 1834 1158 1894 quo
1172 1834 1227 1875 nec
1240 1815 1331 1873 multa
1344 1815 1473 1874 dixerint

318 1917 508 1991 grammatici,
529 1926 558 1973 et
579 1918 628 1991 qui
648 1917 751 1975 unicus
772 1918 835 1974 cius
854 1916 1016 1974 carminum
1036 1915 1109 1974 liber
1128 1924 1215 1984 extat,
1236 1913 1283 1972 hic
1304 1912 1342 1973 ad
1364 1932 1423 1973 nos
1444 1925 1472 1974 et
1529 1904 1530 1913 ³

318 2032 441 2073 maneus
465 2024 494 2073 et
517 2014 648 2090 plurimis
670 2014 743 2072 locis
764 2014 941 2090 deprauatus
963 2013 1135 2090 peruenerit
1182 2012 1227 2071 Ex
1252 2012 1309 2071 alio
1330 2012 1400 2071 loco
1421 2013 1472 2072 ubi

319 2112 357 2171 de
371 2112 520 2171 Alcmanis
541 2111 667 2187 strophis
687 2114 819 2170 ternariis
840 2112 909 2171 dicit
924 2110 1117 2187 Hephaestio
1134 2109 1205 2168 nihil
1225 2110 1388 2185 colligitur3
1418 2113 1473 2171 sed
1529 2122 1530 2187 g

320 2228 359 2269 ne
378 2210 426 2268 hic
446 2210 566 2286 quidem
586 2208 713 2267 defuisse
735 2210 824 2267 credo
846 2210 930 2285 signa
950 2208 1138 2278 diuisionum,
1153 2226 1222 2266 cum
1243 2225 1302 2284 qua
1322 2226 1394 2267 ema
1415 2209 1473 2267 alia
1529 2196 1530 2199 ¹

319 2306 406 2367 huius
426 2307 555 2366 carmina
574 2306 710 2365 distincta
729 2306 872 2377 dicuntur,
888 2306 991 2365 eadem
1011 2306 1098 2364 etiam
1112 2306 1141 2363 in
1156 2304 1201 2363 his
1215 2306 1369 2381 prouenire
1384 2318 1472 2382 potu·

317 2407 380 2464 erit
425 2404 484 2462 Sed
498 2420 561 2461 non
574 2422 653 2479 nego
668 2404 725 2463 hoc
744 2405 841 2463 minus
855 2406 885 2462 in
900 2422 935 2462 ea
948 2403 1052 2463 cadere
1066 2420 1141 2478 quae
1156 2403 1193 2460 de
1207 2402 1309 2461 ionicis
1324 2420 1342 2461 a
1355 2404 1473 2463 minore

317 2502 397 2561 idem
418 2502 542 2576 scripsit.
585 2499 645 2571 Qui
664 2501 690 2559 si
708 2500 767 2559 ullo
788 2502 873 2575 signo
894 2500 1145 2575 distinguebantur
1164 2501 1195 2557 in
1214 2500 1306 2559 denas
1327 2502 1472 2577 syzygias

320 2616 358 2656 ne
372 2600 477 2670 ἄπειρος
491 2598 610 2673 quidem
626 2599 786 2657 dubitasset
800 2600 864 2654 κατὰ
878 2601 974 2671 σχίσιν
987 2607 1084 2656 essent
1098 2615 1136 2655 an
1150 2598 1180 2670 δε
1193 2599 1295 2669 ὁμοίιον.
1480 2668 1502 2693 ·

361 2693 436 2751 lllud
451 2696 537 2753 etiam
552 2696 712 2755 tenendum
726 2706 779 2767 est,
793 2706 897 2771 poetas
913 2696 994 2771 ipsos
1013 2695 1142 2753 carmina
1155 2712 1369 2769 nonnunquam
1384 2708 1471 2772 potu-

318 2792 377 2849 isse
397 2791 484 2849 certis
504 2794 635 2851 terminis
656 2794 900 2859 circumscribere,
926 2811 1022 2869 neque
1049 2811 1085 2851 ea
1108 2802 1208 2851 umen
1232 2800 1335 2850 notare
1360 2794 1468 2868 signis;
1529 2856 1530 2861 ,

320 2888 370 2963 qui
393 2889 508 2945 termini
531 2888 555 2946 si
579 2890 894 2961 obscurioresessent,
917 2891 1039 2949 curiosis
1065 2888 1268 2948 tantummodo
1296 2890 1471 2949 manifestos
1529 2908 1530 2917 ¹

320 2984 401 3055 lore3
423 3001 460 3041 ex
474 2984 519 3043 his
533 2995 631 3044 autem
646 2998 757 3062 partem
771 3005 834 3046 non
851 3006 972 3047 ausuros
987 2986 1075 3047 luisse
1090 2988 1248 3063 quicquam
1262 2984 1300 3043 de
1314 3004 1346 3045 re
1359 2986 1471 3047 incerta
1529 3022 1530 3061 3

319 3080 487 3157 praedicare
501 3100 540 3140 ne
553 3082 714 3143 riderentur
727 3094 867 3162 tanquam
882 3084 1116 3161 perspicaciores,
1132 3082 1282 3142 nonnullis
1296 3094 1471 3143 euentumm

319 3196 385 3237 esse
398 3188 431 3237 ut
444 3198 512 3237 cum
530 3198 634 3239 uerum
652 3182 709 3240 alio
729 3182 795 3242 loco
813 3183 963 3253 uidissent,
977 3182 1034 3241 alio
1049 3191 1098 3240 aut
1111 3190 1241 3239 errarent
1255 3192 1306 3239 aut
1319 3182 1468 3258 discrepa-
1529 3188 1530 3249 3

319 3288 384 3335 rent
403 3279 514 3349 ceteris,
530 3279 601 3337 nihil
615 3281 739 3339 omnino
752 3290 922 3357 putarentur
942 3280 1082 3339 effecisse.
1125 3278 1195 3338 Hoc
1209 3290 1352 3355 quantum
1366 3280 1470 3350 ualeat,

320 3375 425 3434 melius
445 3376 589 3452 intelliges
609 3378 633 3435 si
654 3380 796 3454 reputaris
817 3388 890 3455 quot
910 3396 946 3435 ex
968 3378 1094 3437 metricis
1108 3394 1198 3454 quam
1212 3376 1298 3452 pauci
1315 3378 1469 3453 supersint.
1529 3364 1530 3371 ἵ

320 3471 400 3530 Nam
421 3475 445 3531 si
466 3476 608 3534 nonnulla
624 3475 662 3533 de
682 3476 738 3535 hac
759 3496 791 3535 re
812 3493 901 3551 quam
922 3476 1035 3551 agimus
1056 3476 1087 3533 in
1107 3485 1167 3534 tam
1188 3474 1270 3533 breui
1283 3474 1470 3533 Encheiridio
1529 3518 1530 3543 ,

319 3570 407 3628 tradit
420 3569 612 3646 Hephaestio,
626 3572 710 3648 plura
723 3573 753 3630 in
767 3573 858 3630 tribus
876 3572 955 3630 libris
976 3572 1054 3631 unde
1075 3571 1133 3631 hoc
1154 3572 1308 3641 contraxit,
1322 3571 1470 3647 aliquanto

319 3663 402 3740 plura
412 3666 442 3722 in
456 3668 601 3739 undecim,
612 3669 705 3727 multo
719 3679 816 3728 autem
831 3670 914 3745 plura
926 3671 957 3729 in
971 3670 1162 3747 quadraginta
1175 3680 1243 3729 octo
1254 3686 1329 3746 quos
1344 3671 1469 3746 primum

320 3763 435 3838 scripsit
448 3763 576 3823 dicturus
590 3776 659 3824 erat.
701 3766 817 3843 Ecquid
837 3766 915 3827 aliud
934 3767 1059 3827 iaciebat
1072 3770 1102 3826 in
1119 3768 1193 3825 libro
1213 3770 1274 3839 περὶ
1291 3773 1343 3823 τῶν
1357 3772 1385 3824 ἐν
1398 3768 1470 3839 nori·

319 3880 386 3931 μοοι
399 3866 528 3931 ταραχῶν,
543 3862 599 3919 nisi
615 3873 647 3921 ut
664 3873 762 3938 partes
783 3864 858 3923 inter
879 3882 911 3923 se
933 3865 1070 3924 confusas
1091 3874 1255 3924 secerneret
1271 3865 1376 3923 iterum
1394 3874 1424 3923 et
1443 3866 1469 3922 in

320 3955 475 4032 pristinum
489 3958 622 4016 ordinem
637 3959 810 4019 reduceret?
852 3962 922 4021 lllae
933 3972 1030 4021 autem
1045 3962 1224 4021 turbationes
1236 3960 1316 4020 unde
1326 3962 1469 4037 originem

319 4054 417 4130 potius
431 4064 513 4111 erant
533 4054 680 4126 ductrrrae,
695 4076 784 4133 quam
798 4076 835 4116 ex
855 4059 973 4117 omissis
993 4059 1138 4118 interdum
1158 4058 1205 4117 uel
1220 4059 1310 4117 erasis
1324 4059 1412 4129 notis,
1427 4059 1468 4116 in·

319 4150 434 4209 terdum
448 4169 466 4208 a
481 4169 535 4209 suo
556 4152 624 4213 loco
644 4155 675 4211 in
696 4154 784 4213 alium
802 4156 931 4215 tralatis?
972 4156 1226 4233 Quotusquisque
1241 4156 1321 4214 enim
1341 4166 1404 4215 erat
1425 4156 1468 4214 cui

319 4263 383 4306 non
404 4247 615 4309 dubitationem
633 4262 754 4327 possent
775 4252 878 4311 afferre
900 4256 1029 4313 carmina
1049 4257 1113 4311 κατὰ
1132 4255 1274 4325 περικοπὴν
1292 4253 1468 4327 ἀνομοιομερῆ,
1529 4258 1530 4319 ξ

352 4367 361 4397 ¹
379 4369 439 4418 Dico
450 4373 625 4429 Alexandrinos,
636 4374 675 4422 sed
686 4388 734 4435 quo
750 4382 855 4435 tempore
869 4374 977 4437 strophae
990 4374 1059 4439 signis
1071 4374 1130 4422 iuter
1141 4388 1165 4422 te
1177 4373 1274 4437 disiungi
1285 4374 1412 4434 coeperint,
1424 4386 1467 4419 non

319 4452 466 4511 exploratum
477 4463 519 4503 est.
