3142 5059
589 395 811 460 EXCVRSVS.
1209 396 1268 455 tat

128 567 238 632 Verre
259 575 435 654 scripserunt
456 575 564 638 Statius
585 578 714 656 Scaliger
734 577 872 640 Handiue
890 579 958 654 alii;
985 579 1073 639 etiarn
1092 575 1223 637 Varius
1238 577 1270 635 in

126 668 166 729 X.
182 687 195 728 1
212 683 362 734 seruarunt
381 684 450 751 post
462 673 603 736 Vossium
617 675 756 738 Osannus
776 678 816 737 ad
828 677 986 755 Apuleium
1002 677 1040 737 de
1053 673 1271 752 Orthographiu

127 766 199 845 §43
214 779 244 830 et
256 769 437 836 Weiclrertus
450 773 488 834 de
501 773 536 833 L.
550 773 640 835 Vario
654 793 683 853 p.
695 796 722 849 4.
758 775 798 835 Et
810 775 869 836 hoc
882 776 1002 853 quidem
1022 763 1079 835 nec
1098 776 1271 851 insequente

128 865 315 930 Sermones
339 872 436 944 uarii,
457 890 517 950 quo
537 873 568 932 in
584 874 704 934 nomine
716 872 799 932 Varii
818 891 871 951 per
884 873 1154 934 annominationem
1167 871 1271 930 lusisse

126 973 233 1041 potest,
247 985 303 1028 nec
316 968 474 1030 xxvl1.2
491 969 616 1048 lugere
636 973 682 1031 mi
703 973 833 1032 calices
853 973 1044 1032 amariores
1060 970 1142 1048 quod
1161 969 1271 1028 habent

126 1063 246 1125 codices
266 1085 321 1143 pro
343 1067 449 1144 Inger
472 1069 526 1140 mi,
546 1087 601 1130 nec
615 1069 693 1129 LVI.
709 1088 746 1129 ro
770 1070 967 1131 Camurium
989 1069 1073 1130 mihi
1096 1069 1271 1146 pessimae

126 1162 264 1238 puellae
287 1166 355 1224 satis
370 1166 522 1226 defensum
536 1169 666 1228 arbitror.
698 1168 745 1230 De
759 1167 854 1229 Varro
868 1170 983 1229 uliares
997 1178 1050 1228 est
1081 1167 1160 1228 Nam
1173 1166 1270 1226 codex
1302 1187 1307 1194 ·

125 1261 244 1338 Apulei
264 1263 302 1322 de
315 1261 532 1343 orthographia
549 1286 568 1327 a
581 1265 672 1339 Maio,
693 1286 764 1328 mox
785 1269 824 1328 ab
837 1268 962 1328 Osanno
975 1267 1078 1340 editus,
1092 1266 1165 1326 haec
1180 1265 1271 1325 habet

125 1357 233 1418 Battus
251 1361 384 1421 nanterus
397 1370 477 1440 poeta
494 1362 593 1424 Oueiir'e'
610 1365 811 1425 contubernalis
831 1367 938 1442 duplata·
955 1373 993 1425 tt.
1014 1365 1148 1424 smlehr
1167 1362 1199 1422 rte
1217 1381 1272 1440 que

134 1455 245 1518 Varrus
260 1467 288 1518 et
300 1459 394 1520 Cinna
413 1463 617 1523 contubernales
637 1465 668 1523 e'n
687 1465 748 1524 saei
760 1465 894 1540 poematis
913 1467 1062 1524 meminere.
1084 1464 1123 1524 id.
1138 1468 1152 1536 i
1168 1465 1206 1538 58
1226 1463 1272 1521 Ae

118 1558 247 1632 prelature
269 1558 422 1618 eternentrem
444 1563 475 1620 e'n
495 1561 617 1638 Aeglaea
637 1564 668 1620 tn
684 1565 784 1638 pre'rna
805 1571 832 1621 et
850 1563 938 1622 medea
960 1563 1041 1621 etiam
1062 1560 1169 1638 syllaba
1190 1561 1270 1637 diple·

125 1653 244 1731 enongm
270 1675 325 1715 esse
345 1657 423 1719 debet.
473 1657 586 1718 Varrus
615 1659 723 1720 Cannae
749 1659 952 1719 contubernalis
978 1662 1010 1718 e'n
1026 1661 1119 1734 prenso
1141 1666 1270 1734 poemate.

126 1749 219 1812 Hunc
241 1751 365 1814 Vanum
386 1757 513 1816 eundem
537 1755 626 1817 fuisse
649 1776 684 1818 ac
706 1758 816 1818 Varrus
839 1759 886 1817 uel
907 1757 1012 1818 Varius
1035 1758 1084 1817 uel
1104 1757 1201 1818 Varus
1222 1758 1270 1818 hic

125 1847 233 1910 Catulli
253 1853 358 1928 partim
378 1873 416 1913 ex
434 1854 519 1915 huius
536 1855 664 1916 carmine
678 1855 708 1914 X
721 1856 829 1933 oolligo
849 1857 900 1916 ubi
921 1856 1006 1916 simul
1026 1866 1270 1916 commemoratur

126 1947 220 2008 Gaius
240 1949 337 2011 Cinna
358 1955 398 2026 (u
414 1954 466 2028 30)
486 1954 592 2030 partim
612 1972 649 2012 ex
670 1954 780 2031 Vergili
800 1953 862 2016 Ecl
877 1955 932 2029 VI,
946 1954 999 2016 IX.
1045 1951 1195 2033 Numqui
1214 1954 1269 2014 VI.

126 2049 157 2120 6,
172 2059 189 2122 7
206 2047 310 2110 dicitu

351 2219 466 2278 nanque
477 2213 560 2278 super
573 2202 627 2262 tr'be'
638 2210 721 2262 erunt
732 2205 783 2280 qui
793 2205 880 2264 de'cere
892 2204 986 2264 laudes

296 2297 368 2358 Vare
380 2305 444 2360 tuas
457 2301 571 2376 cupiant
582 2308 609 2359 et
619 2303 714 2361 treitza
728 2303 817 2361 dicen
828 2302 898 2362 bella

211 2413 248 2452 10
490 2404 644 2470 tenastrae‚
664 2397 743 2470 Vere,
757 2403 878 2476 myriae

292 2491 332 2552 Te
343 2513 436 2555 nemus
448 2514 523 2555 amne
535 2503 620 2570 canet,
634 2515 681 2556 nec
693 2495 803 2557 Phoebo
811 2499 927 2574 gratior
940 2497 1000 2555 ulla
1013 2503 1054 2555 est

290 2591 381 2665 Quare
393 2593 451 2654 sibe·
459 2613 528 2670 quae
545 2594 809 2671 Vare'praescre'pue't
814 2599 923 2674 pagena
936 2614 1038 2656 nomen.

125 2747 263 2828 idemque
277 2748 331 2811 IX.
348 2751 446 2829 26-29

286 2897 377 2960 Inerno
389 2901 454 2960 haec
466 2921 535 2978 quae
552 2901 626 2962 Varo
640 2904 749 2963 necdum
757 2903 882 2982 perfecta
895 2902 1015 2964 canebat.

296 2999 367 3058 Vare
378 3007 456 3060 inem
469 3019 564 3062 nornen
576 3011 685 3078 superet
694 3003 770 3062 nodo
782 3001 910 3062 Mantua
923 3003 1009 3077 nodi,

287 3096 414 3158 Mantua
427 3119 479 3160 uae
491 3101 608 3160 miserae
621 3102 736 3161 minian
750 3103 843 3160 acirim
860 3101 1021 3173 Cremonae,
1092 3111 1097 3120 '

290 3196 440 3258 Cantantes
452 3199 670 3277 sublemeferent
680 3200 826 3260 adsedere
837 3202 922 3277 cymi.

124 3369 171 3430 hic
190 3369 240 3429 uix
258 3379 355 3447 potest
372 3370 445 3432 alius
463 3389 528 3432 esse
547 3383 633 3450 atque
653 3371 700 3430 ille
714 3372 764 3449 qui
782 3380 887 3449 postea
905 3372 935 3431 in
953 3371 1059 3432 eadem
1072 3369 1185 3448 Ecloga
1198 3387 1268 3431 cum

125 3467 221 3530 Cirna
235 3479 264 3530 et
276 3468 390 3530 Ausere
403 3471 546 3530 inducitur
560 3489 608 3530 uu.
621 3472 699 3546 35,6

287 3635 367 3697 Nan
380 3657 462 3714 neque
475 3639 565 3698 adteuc
583 3637 657 3698 Varo
670 3639 766 3697 undar
778 3657 825 3698 nec
837 3638 924 3697 de'cere
938 3635 1033 3698 Genera

260 3791 263 3800 .
287 3734 387 3815 Digna
399 3737 449 3796 sed
459 3745 574 3816 arguta
588 3739 659 3796 inter
670 3743 789 3814 strepere
801 3755 884 3796 anser
897 3736 992 3796 oleru.

164 3925 245 3987 Nam
266 3929 312 4004 (1)
341 3926 415 3987 Varo
434 3928 482 3989 hic
501 3927 610 3990 habent
630 3929 758 4006 plerique
778 3929 905 4002 codices,
926 3947 988 3989 non
1008 3928 1090 4006 quod
1109 3928 1269 3990 editoribus

123 4045 162 4087 ex
184 4025 287 4086 Senio
307 4035 336 4086 et
357 4025 454 4088 Schol.
469 4027 557 4106 Cruq.
573 4027 678 4088 Horati
692 4028 727 4089 C.
741 4029 799 4088 I.6
818 4028 925 4107 placuit
945 4027 1040 4101 Vana,
1061 4029 1142 4089 cuius
1162 4030 1268 4088 erroris

124 4125 232 4186 mune
251 4125 438 4202 suppeditant
457 4145 563 4186 causae
578 4129 623 4201 (α)
639 4145 715 4206 quos
734 4147 828 4204 nereos
842 4127 911 4188 dicit
924 4129 955 4187 in
969 4147 999 4188 u
1013 4147 1049 4203 29
1065 4125 1135 4186 Vari
1156 4145 1266 4186 nomen

124 4225 155 4284 in
176 4223 271 4284 sidera
291 4222 407 4296 laturos,
421 4225 543 4284 eosdem
561 4225 592 4284 in
610 4245 638 4285 u.
653 4228 692 4302 36
712 4226 799 4285 olores
819 4227 954 4304 appellat,
971 4227 1051 4286 unde
1071 4244 1139 4285 cum
1159 4225 1265 4285 eodem

124 4321 206 4384 Vero
226 4322 398 4382 coniunctos
419 4323 480 4384 iure
501 4323 663 4400 suspiceris,
678 4342 739 4384 non
757 4343 826 4384 cum
846 4325 942 4385 alieno
960 4325 1060 4395 Vario,
1081 4326 1126 4398 (3)
1144 4323 1266 4382 Videtur

124 4417 220 4484 Varus
231 4420 335 4481 Catulli
347 4420 424 4482 idem
434 4439 499 4482 esse
510 4431 598 4500 atque
608 4423 633 4483 is
644 4421 682 4481 de
692 4440 752 4499 quo
764 4423 964 4500 Hieronymus
977 4423 1016 4484 ad
1024 4421 1143 4482 Eusebii
1153 4420 1264 4482 Chron.

649 4545 743 4596 xxa
