3142 5059
328 383 394 449 208
794 382 1015 447 CATVLLI

459 571 578 635 Nobis.
621 572 655 635 Ο
676 574 779 637 lucem
800 572 986 636 candidiore
1010 574 1105 637 nota!

414 686 500 773 Qis
521 706 574 749 me
596 706 662 749 uno
682 687 767 787 uiuit
790 686 927 769 felicior,
949 696 1004 750 aut
1028 688 1129 769 magis
1151 685 1222 750 aeui
1243 696 1291 750 est

458 800 654 885 Optandus?
683 800 784 862 uitam
806 798 913 861 dicere
934 800 1006 881 quis
1028 800 1173 883 poterit?

845 1156 965 1225 CVIII.

410 1317 445 1383 81
467 1315 603 1382 confini
625 1314 734 1399 populi
754 1314 889 1377 arbitrio
909 1322 966 1377 tua
988 1333 1070 1377 cana
1090 1324 1239 1377 senectus

455 1428 609 1513 Spurcata
630 1428 753 1511 inpuris
775 1428 917 1490 moribus
940 1428 1092 1511 intereat,

413 1543 496 1607 Non
517 1542 667 1626 equidem
688 1541 802 1605 dubito
821 1543 901 1624 quin
924 1543 1061 1625 primum
1084 1542 1222 1604 inimica
1244 1542 1396 1617 bonorum,

457 1654 587 1739 Lingua
607 1668 719 1718 exerta
738 1652 836 1717 auido
856 1656 901 1717 sit
923 1654 999 1717 data
1021 1653 1172 1737 uulturio,

361 1939 389 1991 6.
421 1938 478 1987 liu-u
496 1936 587 1989 codices
599 1953 683 1989 amasos
799 1934 890 1987 lucem
902 1932 1044 1987 candidior
1056 1954 1068 1985 c
1141 1936 1202 1986 Post
1213 1953 1238 1987 u.
1252 1936 1268 1984 6
1280 1934 1401 1987 excidisse
1412 1954 1472 1987 aaa·

323 2007 398 2063 nulla
408 2018 489 2060 censet
500 2008 606 2059 Statius.

362 2096 389 2143 7.
424 2078 494 2148 Quis
511 2093 557 2131 me
575 2078 645 2131 uiuit
663 2092 718 2129 uuo
735 2092 793 2129 uno
810 2074 917 2129 feIIcior
934 2076 963 2128 D
1094 2076 1178 2143 magis
1196 2090 1241 2128 me
1260 2082 1302 2129 est
1321 2078 1350 2129 A
1356 2076 1473 2147 pr.BCG

591 2168 615 2202 ai.
628 2167 664 2200 Iizu·

325 2214 530 2271 LaILaWVen.
597 2234 640 2282 uu·
654 2225 691 2267 ost
713 2214 736 2265 L
819 2212 920 2266 m.hac
933 2213 1011 2268 esto
1024 2213 1152 2266 Wahed.
1165 2230 1231 2277 1473
1305 2230 1343 2267 m.
1356 2222 1474 2267 exstato

325 2290 387 2340 Posi
398 2287 505 2341 felicior
515 2305 624 2340 uacuam
635 2287 746 2355 spatium
758 2288 786 2337 in
798 2286 831 2351 H,
839 2295 898 2353 past
911 2286 994 2351 magis
1007 2287 1033 2337 in
1046 2286 1074 2337 D
1166 2285 1269 2337 aeuiest
1281 2288 1333 2355 ipse
1345 2289 1436 2339 conici
1445 2306 1476 2338 ex

325 2358 418 2415 Culicis
431 2378 455 2411 u
469 2362 502 2420 78
517 2358 586 2427 Quis
603 2357 689 2422 magIs
705 2362 802 2424 optato
819 2362 902 2423 queat
920 2371 979 2409 esse
998 2355 1105 2408 beatior
1120 2370 1190 2409 aeuo
1205 2358 1259 2409 siue
1271 2364 1360 2409 eusest
1375 2358 1476 2427 consum

325 2449 383 2483 eum
395 2436 484 2483 meest
495 2429 553 2482 siue
565 2433 670 2481 aeuiest
681 2446 738 2479 cum
750 2433 855 2479 acmest
868 2425 933 2496 (hac
947 2442 991 2480 me
1004 2424 1069 2495 est).

362 2506 387 2554 ⁸.
419 2502 561 2565 (quaudiu
579 2500 670 2552 codices
683 2517 765 2551 omnes
777 2498 843 2565 quad
852 2500 962 2551 sensuui.
998 2498 1068 2550 Aeui
1081 2497 1216 2565 optandus
1226 2500 1312 2567 potuis
1323 2500 1351 2550 in
1363 2502 1477 2553 emmiu

322 2572 374 2625 dici
393 2574 436 2639 qui
456 2571 540 2623 solida
560 2572 672 2623 oratiam
692 2569 754 2622 aeui
771 2568 884 2635 optandi
905 2568 1022 2621 dicendus
1043 2580 1101 2621 erat
1221 2574 1272 2624 uita
1300 2570 1371 2623 codd.
1394 2590 1476 2623 omnes

325 2643 412 2695 uitam
429 2644 481 2711 ipse
497 2642 586 2694 conieci
602 2642 629 2694 h.
637 2660 659 2692 e.
677 2658 754 2708 quam
771 2640 806 2692 sit
825 2639 900 2693 beata
983 2639 1029 2708 qui
1047 2638 1137 2707 potuit
1154 2640 1183 2691 H
1264 2648 1312 2692 aut
1330 2642 1418 2707 magis
1438 2648 1476 2694 esi

325 2728 372 2765 me
385 2711 529 2779 Optandus
540 2712 598 2764 uita
612 2711 673 2763 ΑΜ.
687 2714 708 2763 1.
721 2710 789 2763 Scai.
804 2710 875 2779 Vulp.
888 2709 942 2763 Sili.
1019 2717 1067 2763 aut
1079 2710 1163 2776 magis
1175 2726 1234 2762 esse
1247 2711 1409 2778 Optandum
1423 2714 1477 2765 uita

327 2784 455 2836 Ammius
541 2789 589 2834 aut
601 2782 686 2849 magis
697 2780 749 2834 hac
761 2780 827 2850 quid
841 2780 997 2848 Optandum
1010 2782 1068 2833 uita
1081 2782 1209 2835 Guarinus
1222 2782 1340 2835 Musaeus
1432 2791 1476 2837 aut

326 2854 398 2920 magi
415 2852 453 2904 mi
469 2868 529 2905 esse
542 2853 700 2921 Optandum
716 2852 744 2904 in
760 2852 817 2905 uita
832 2854 929 2906 Statius
1030 2858 1078 2904 aut
1094 2851 1165 2919 magi
1182 2868 1226 2905 me
1243 2868 1302 2906 esse
1316 2854 1476 2921 Optandum

324 2924 412 2977 uitam
424 2923 559 2975 Manilius
648 2930 696 2976 aut
714 2936 793 2989 mage
812 2930 904 2975 nostra
918 2922 1073 2990 Optandam
1091 2924 1148 2976 uita
1165 2921 1257 2977 dicere
1274 2924 1336 2992 quis
1354 2928 1476 2993 poterit?

326 2994 488 3048 casaubonus
575 3000 623 3047 aut
635 2994 720 3060 magis
731 3010 791 3046 esee
804 2993 947 3062 Optandus
959 2994 1016 3047 uita
1029 2995 1126 3046 Vossius
1210 3000 1257 3047 aut
1270 2995 1356 3061 magis
1368 2995 1422 3049 hac
1436 3012 1478 3049 res

326 3064 468 3132 Optandas
479 3064 537 3118 uita
549 3066 728 3119 Lachmaaaus
742 3067 838 3134 iiazspa
851 3064 972 3119 Schwab-
1077 3072 1124 3118 aut
1136 3066 1222 3133 magis
1233 3080 1319 3119 annos
1332 3067 1478 3133 optandos

323 3138 398 3190 uitae
410 3136 580 3189 Froehlichius
655 3142 703 3189 aut
715 3136 786 3202 magi
799 3151 844 3189 me
857 3152 916 3189 esse
930 3135 1073 3203 optandus
1085 3136 1142 3189 uita
1153 3136 1256 3205 qusius
1327 3144 1376 3189 aut
1391 3139 1478 3205 magis

325 3208 394 3262 hace
413 3207 569 3276 Optandum
590 3208 648 3261 uiIa
663 3206 812 3261 Ribbeckius
951 3212 998 3260 aut
1020 3208 1105 3273 magis
1122 3222 1155 3260 ac
1173 3222 1218 3261 me
1237 3208 1399 3276 Optandum
1421 3210 1478 3263 uita

324 3278 486 3333 Schwabias.

846 3391 955 3447 CVIII.

358 3482 423 3535 Cum
439 3500 461 3535 c.
474 3480 550 3535 cm
562 3482 709 3533 continuans
726 3479 817 3532 codices
830 3479 951 3548 plerique.
988 3482 1103 3551 Spasium
1114 3483 1142 3535 iu
1154 3481 1226 3549 Das,
1238 3480 1303 3550 quad
1318 3500 1387 3537 corr.
1399 3482 1431 3536 D
1441 3487 1477 3537 sie

321 3553 445 3623 suppleuit
458 3552 491 3605 Iu
503 3550 642 3621 quendam
653 3551 673 3603 d
684 3550 717 3603 In
729 3550 899 3619 Loquacem.

367 3657 390 3692 1·
423 3639 464 3687 Sis·
479 3639 579 3688 homini
594 3640 714 3704 popuimi
728 3640 839 3689 :ii-iussio
855 3648 898 3691 lus
914 3658 978 3691 cuna
1001 3636 1350 3695 ABCGLLa¹La²0VVm.
1450 3644 1475 3695 Si

324 3708 429 3762 homiui
451 3710 573 3777 populari
594 3710 710 3763 arbitrio
729 3716 778 3762 tua
799 3724 823 3761 c.
844 3710 873 3761 H
976 3710 1020 3763 SIc
1037 3710 1140 3763 homini
1156 3710 1272 3764 arbitrio
1339 3718 1390 3766 tua
1406 3731 1433 3767 c.
1448 3717 1475 3769 D

323 3781 369 3833 εἰς
386 3779 490 3832 homiui
509 3779 666 3849 (hominum
683 3780 721 3833 ed.
739 3778 819 3849 Par.)
836 3779 951 3833 arbitrio
971 3780 1092 3849 populari
1113 3797 1137 3834 c.
1157 3782 1341 3837 Riccards'anus
1357 3786 1397 3837 ed.
1412 3790 1474 3839 Par.

321 3852 393 3903 Saea.
405 3851 463 3902 XV
552 3851 580 3902 Si
593 3851 702 3903 Comini
715 3850 829 3904 arbitrio
841 3852 963 3919 populari
975 3868 1043 3905 cana
1057 3854 1185 3906 Guarinus
1198 3856 1362 3908 Passeratius
1376 3858 1474 3911 Vossius

323 3923 351 3975 in
368 3940 457 3975 comm.
470 3920 540 3990 Vuip.
553 3921 635 3991 Sillig.
648 3922 756 3975 Lachm.
769 3923 865 3992 Haupt.
1009 3924 1036 3976 Si
1056 3924 1165 3977 Comini
1183 3925 1275 3993 populi
1294 3926 1410 3980 arbitrio
1429 3938 1474 3981 tua

323 3994 420 4045 Statim
438 3992 505 4045 διαὶ.
523 3992 599 4045 Cour.
609 3993 640 4045 de
654 3992 724 4045 Allia
739 3993 817 4046 Daer.
831 3994 903 4061 Heys.
916 3993 1004 4047 Rossb.
1017 3995 1138 4048 schauah.
1183 3996 1255 4048 ‘Per
1271 3997 1473 4069 dittograpbiam

323 4063 474 4132 ‘quandam
489 4072 628 4116 exaratum
644 4074 683 4115 esi
699 4064 824 4132 populas-i
842 4063 972 4117 arbitrio’
984 4064 1087 4119 Publius
1187 4068 1295 4121 Comini
1314 4088 1363 4123 non
1381 4070 1475 4139 legisses

320 4136 547 4189 aaseGuarinum.

360 4222 385 4259 a.
421 4204 535 4273 inpuris
548 4205 576 4257 H
644 4206 778 4273 inpurisd
846 4207 925 4259 tuisc
997 4207 1163 4261 intriciatH.

358 4296 385 4342 4.
420 4282 517 4329 exerta
532 4275 764 4330 ABCGLIaILa²
777 4278 882 4329 Vsuhd
939 4279 1087 4332 exerctaO
1146 4280 1262 4333 exitaV
1315 4286 1472 4350 exceptaD

321 4354 444 4401 exactae
559 4354 686 4400 exectaa
700 4347 793 4400 Alm.
806 4347 851 4400 uui
867 4358 915 4400 oet
928 4350 1108 4403 Lachmannus
1215 4358 1324 4405 exserta
1335 4354 1472 4409 Statiusia

319 4436 409 4472 comm.
424 4420 522 4470 Vossius
534 4420 561 4470 in
573 4436 662 4472 comm.
675 4418 794 4472 Conna
807 4367 876 4472 Aliso
974 4421 1081 4474 &mmai
1092 4422 1219 4476 lectionem
1231 4422 1351 4477 codicum.
1390 4426 1473 4483 Gloss.

319 4488 424 4543 Balliol.
437 4489 648 4556 Exerctaplena
659 4488 765 4542 malicia
836 4491 920 4542 Passis
933 4501 1018 4545 tasum
1031 4499 1161 4562 excerpta
1232 4494 1317 4561 ulteio
1328 4496 1365 4549 H.
