3142 5059
329 382 388 439 226
735 380 791 439 DE
815 376 1077 441 PARTITIONE

328 562 501 621 tetrametris
524 561 719 638 antispasticis
744 560 918 641 (Hephaest
942 556 994 637 ⁶⁶)
1016 561 1218 637 scripsitque
1240 569 1335 619 metro
1359 559 1483 637 Sappho
1531 576 1532 613 t

329 660 394 718 solo
408 678 462 718 usa
475 670 520 720 eet
533 661 564 718 in
578 660 652 719 libro
665 661 760 719 tertio.
802 658 889 730 Quae
910 660 935 717 si
956 662 1020 715 κατὰ
1040 659 1088 715 δύο
1109 658 1193 717 huius
1214 656 1276 715 libri
1291 661 1430 717 carmina
1443 660 1484 716 dis
1531 678 1532 713 t

329 757 451 833 pertisse
471 758 597 817 creditur
616 758 655 817 ab
673 756 906 834 Hephaestione,
923 774 985 815 non
1005 756 1102 815 minus
1121 756 1189 815 artis
1206 756 1350 815 Alcaeum
1365 774 1485 833 quoque

330 854 499 914 adhibuisse
513 857 644 916 arbitror.

371 950 459 1011 Nunc
472 955 584 1029 respice
598 952 671 1012 haec
685 953 880 1012 Anacreontis
896 952 940 1031 (fr.
959 952 1010 1029 44)

534 1102 624 1157 πολιοί
636 1102 685 1171 μὶν
699 1100 758 1170 ἡμίν
771 1100 820 1169 ἤδη
832 1101 959 1172 κρόταφοι
972 1100 1035 1171 κάρη
1049 1120 1078 1152 τε
1091 1100 1192 1161 λευκόν,

534 1198 667 1269 χαρίεσσα
680 1196 704 1252 δ’
719 1194 807 1251 οὐκέθ’
821 1196 872 1266 ἥβη
885 1196 955 1267 πείρα
967 1197 1091 1269 γηράλεοι
1105 1194 1128 1251 δ’
1143 1194 1255 1252 ὀδόντες.

534 1297 662 1366 γλυκεροῦ
676 1292 699 1349 δ’
714 1294 799 1349 οὐκέτι
812 1296 914 1350 πολλὸι
925 1296 1017 1359 βιότου
1030 1296 1123 1365 χρόνος
1137 1294 1280 1349 λέλειπται.

534 1390 577 1445 διδ
589 1389 661 1446 ταῦτ’
675 1390 844 1459 είνασταλύζυ
857 1392 925 1461 θαμὰ
938 1393 1071 1464 Τάρταρον
1084 1390 1212 1447 διδοικός.

534 1484 627 1543 ’Δίδευ
640 1490 691 1561 γάρ
704 1490 764 1543 κ’στι
776 1489 860 1543 δεινδι
874 1489 964 1557 μυχὸς,
979 1488 1093 1559 ἀργαλέη
1108 1486 1134 1542 δ’
1148 1488 1175 1544 ε’ς
1187 1487 1266 1541 αὐτὸν

535 1586 652 1641 κάθοδοι·
674 1586 716 1640 καὶ
728 1586 780 1656 γδρ
794 1588 897 1655 ίτοῖμον
911 1586 1051 1649 καταβάντι
1064 1584 1098 1653 με)
1112 1584 1243 1653 ἀναβῆναι.

332 1730 376 1790 Hi
398 1748 500 1791 uersus
521 1730 601 1807 apud
620 1730 779 1807 Bergidum
804 1732 868 1786 κατὰ
888 1728 935 1786 δύο
956 1729 1089 1805 impressi
1109 1728 1260 1804 legtmtur3
1289 1728 1362 1787 mihi
1384 1729 1482 1805 potius

331 1831 396 1886 eard
416 1834 485 1903 τρεῖι
507 1827 643 1887 uidenttu
663 1830 824 1897 decurrere,
847 1826 878 1885 id
902 1826 982 1903 quod
1004 1826 1111 1885 indicat
1136 1827 1248 1885 ionicus
1273 1845 1291 1885 a
1313 1828 1432 1886 minore
1455 1830 1482 1885 in

331 1930 428 2006 primo
447 1928 522 2005 pede
541 1929 587 1987 bis
606 1938 719 1986 tantum
737 1928 850 2002 integer
872 1926 930 2003 (uu.
949 1944 976 2000 3,
991 1926 1033 2003 6),
1055 1927 1197 1985 resolutus
1218 1928 1248 1983 in
1270 1927 1385 1986 ceteris.
1426 1927 1483 1984 Sed

332 2026 467 2105 strophas
481 2025 586 2095 inesse,
601 2026 763 2101 etquidem
778 2027 940 2097 ίαομέτρουι,
956 2041 1010 2099 pro
1025 2034 1105 2083 certo
1119 2022 1223 2082 habeo.

433 2174 466 2233 fr.
480 2188 514 2249 17
535 2174 685 2249 Ἠρίστησο
698 2178 746 2247 μὲν
759 2175 842 2248 ίτρίου
855 2178 953 2229 λεπτοῦ
966 2176 1058 2247 μικρὸν
1070 2174 1193 2241 ἀποκλάς,

536 2272 607 2329 οἴνου
620 2274 647 2329 δ’
660 2274 763 2345 ε’ξίπιον
776 2270 864 2342 κιίδον,
878 2276 924 2327 νῦν
937 2270 960 2327 δ’
974 2272 1059 2343 ἁβρῶς
1074 2273 1203 2343 ε’ρόεσσον

533 2369 633 2442 ψείλλυ
646 2372 757 2441 πηκτίδα
770 2373 803 2437 τῇ
817 2370 885 2439 φίλη
900 2370 1020 2439 κοιμίζων
1033 2370 1107 2424 auidi
1120 2368 1198 2441 δβρῇ.

331 2516 429 2575 Etiatn
443 2515 516 2574 haec
537 2525 665 2591 systema
685 2514 781 2573 iacere
803 2532 839 2572 ex
859 2516 989 2590 ι’σομέτρφ
1003 2515 1130 2573 carmine
1144 2524 1315 2589 excerptum
1329 2515 1485 2574 uidentur:

332 2624 392 2672 tam
413 2613 530 2689 plenam
549 2614 580 2671 in
594 2630 626 2670 se
640 2612 857 2689 perfectamque
878 2611 988 2670 habent
1009 2612 1190 2670 sententiam.
1233 2610 1298 2671 Nec
1319 2630 1393 2671 uero
1414 2614 1485 2671 nihil

332 2710 447 2770 adrem
467 2710 580 2769 confert
598 2710 679 2785 quod
694 2710 762 2768 dicit
777 2708 959 2784 Hephaestio
974 2714 989 2780 ι
1009 2728 1043 2767 12
1048 2728 1064 2784 3
1080 2708 1126 2767 W.
1171 2712 1249 2765 κοινὰ
1262 2712 1293 2766 δέ
1306 2712 1365 2767 ἐστι
1381 2734 1484 2781 oom-

331 2810 424 2879 μοτικδ
438 2810 470 2863 τδ
483 2808 531 2863 δύο
545 2807 642 2864 εἴδεσιν
656 2810 868 2877 ὑποπεπτωκότα,
883 2806 938 2863 οἷον
952 2808 1116 2879 συμβέβηκεν
1129 2808 1173 2863 ε’πί
1186 2812 1234 2863 τοῦ

537 2956 581 3025 ε’μί
595 2957 684 3011 δειλδν
697 2956 742 3025 ἐμὲ
755 2944 845 3012 πασᾶν
859 2954 1003 3011 κακοτιίτον
1016 2958 1181 3028 πεδίχοισον.

326 3101 452 3172 ’Δπειρος
466 3102 514 3171 μίν
527 3100 577 3174 γάρ
591 3124 630 3157 τις
644 3102 680 3155 διν
693 3104 739 3171 τῆι
751 3106 799 3157 τοῦ
811 3104 919 3173 ποιητοῦ
933 3103 1083 3175 προθέσεσι
1097 3103 1127 3174 ἐξ
1140 3103 1235 3173 ὁμοίιον
1249 3102 1361 3175 φήσειεν
1376 3104 1409 3158 δν
1421 3100 1486 3160 εἶναι

331 3202 363 3256 τδ
382 3196 463 3273 ᾆσμα·
484 3202 543 3257 ὁδί
559 3203 679 3274 ἔμπειροι
697 3203 760 3257 nord
779 3202 884 3273 σχίσιν,
902 3202 936 3259 ὧι
956 3202 997 3256 καὶ
1018 3203 1045 3257 ίν
1062 3204 1117 3259 τοῖς
1137 3203 1287 3273 ίμπροσθεν
1308 3204 1485 3274 ἐπεδείξαμεν.

333 3299 441 3372 ib.123
463 3299 493 3370 ἐξ
511 3297 608 3369 δμοίυν
628 3301 658 3355 δι’
676 3300 750 3354 ε’στιν
761 3299 829 3370 ὅπερ
844 3300 894 3354 ι’ττδ
910 3301 957 3354 τοῦ
978 3300 1057 3353 αὐτοῦ
1073 3300 1154 3356 ποδὸς
1167 3298 1182 3368 ἢ
1196 3301 1242 3367 τῆς
1261 3300 1341 3367 αὐτῆς
1361 3304 1486 3371 συζυγίαι

332 3396 348 3467 ἢ
368 3398 490 3470 περιόδου
512 3400 705 3469 καταμετρείτω
718 3386 789 3450 'droti
810 3394 920 3467 ἀριθμοῦ
942 3397 1012 3453 τινδι
1035 3396 1187 3469 ὁρισμίνου.
1210 3396 1245 3453 ὣς
1265 3397 1310 3451 ε’ὰν
1330 3398 1484 3469 τεταγμένος
1531 3460 1532 3463 ¹

332 3495 440 3568 ἇριθμδς
459 3490 487 3563 ᾖ,
510 3495 558 3549 οὒκ
577 3497 652 3549 ἔστιν
673 3495 703 3565 ἐξ
727 3493 830 3564 ὁμοίαν,
849 3492 919 3547 ἀλλὰ
936 3495 1000 3547 κατὰ
1019 3496 1123 3565 σχίσιν,
1140 3495 1175 3551 ὧι
1195 3495 1223 3549 ε’ν
1242 3498 1278 3569 τῷ
1296 3494 1357 3567 παρ’
1373 3494 1485 3569 Ἀλκαίηι

332 3592 440 3665 ᾄσματι,
461 3592 493 3647 οὗ
513 3593 529 3662 r‘y
549 3592 616 3663 ὀρχη
636 3594 887 3662 ίμὲ-πεδέχοισαν.
924 3590 1048 3665 Ἀπιιρος
1069 3594 1116 3661 μὲν
1136 3592 1186 3666 γάρ
1206 3614 1246 3649 τις
1266 3592 1301 3646 διν
1321 3592 1435 3662 φήσειεν
1454 3596 1485 3647 ἂν
1531 3602 1532 3607 ’

333 3691 396 3745 αι’ντδ
422 3692 452 3761 ίξ
475 3690 570 3760 ὁμοίαν
591 3685 664 3758 είνοι,
687 3690 719 3760 ἐξ
739 3690 839 3758 ίεινικῆι
858 3688 901 3744 ἀπ’
921 3690 1070 3745 κ’λιίσσονοι
1094 3688 1218 3762 συζυγίαι
1239 3688 1482 3761 καταμετροῦμενον.

333 3786 405 3855 ἡμεῖς
421 3787 450 3841 δι’
463 3786 550 3853 ε’πειδι)
564 3789 628 3840 κατὰ
642 3787 702 3841 δίκα
711 3788 817 3858 Ιδρῶμεν
832 3787 896 3841 αὐτὸ
911 3786 1035 3859 συζυγίαι
1053 3786 1295 3856 καταμετροΰμτνον,
1310 3788 1375 3841 κατὰ
1389 3790 1484 3859 σχίσιν

333 3885 396 3939 αὐτὸ
415 3881 564 3956 γεγράφθαι
583 3885 677 3955 φαμέν.
731 3881 767 3939 In
788 3882 894 3959 quibus
915 3882 972 3941 hoc
995 3883 1109 3941 uidetur
1130 3883 1310 3958 significare;
1339 3882 1483 3958 plerisque

333 3998 442 4057 poema
468 3978 538 4038 illud
561 3980 661 4039 Alcaei
690 3998 757 4039 cum
785 4000 822 4039 ex
851 3982 975 4058 pedibus
1003 3982 1085 4039 fieret
1112 3982 1216 4040 ionicis
1244 3998 1262 4039 a
1290 3982 1405 4039 minore
1434 3998 1482 4055 per

334 4076 524 4155 synapheiam
545 4078 720 4136 continuatis
734 4078 792 4137 hoc
808 4078 900 4137 modo
921 4088 953 4137 ut
974 4078 1088 4138 duabus
1107 4080 1245 4137 breuibus
1271 4078 1388 4153 syllabis
1412 4078 1483 4136 duae

333 4177 440 4251 long-ae
461 4192 577 4250 semper
598 4174 796 4233 subicerentur
817 4172 940 4252 (oon)
961 4176 1041 4235 nullo
1063 4194 1118 4233 nec
1137 4174 1218 4233 hiatu
1238 4193 1294 4233 nec
1309 4175 1482 4233 resolutione

334 4273 517 4348 syllabarum,
539 4281 667 4347 systema
689 4272 808 4347 quidem
832 4271 927 4329 facere
953 4272 1053 4344 uideri,
1077 4272 1129 4331 sed
1152 4272 1233 4331 nullo
1255 4280 1335 4329 certo
1361 4288 1481 4329 numero

334 4370 463 4446 pedum:
499 4368 682 4445 peritioribus
706 4387 768 4427 non
791 4370 953 4428 continuari
982 4378 1095 4427 tantum
1115 4370 1173 4429 sed
1202 4370 1231 4427 in
1259 4368 1396 4444 strophas
1426 4368 1480 4427 dis-

334 4466 420 4524 tribui
442 4466 586 4524 denorum
607 4466 725 4541 pedum.
769 4465 817 4524 Sic
841 4466 919 4523 enirn
942 4466 1040 4525 locum
1059 4466 1206 4543 explicant
1229 4464 1432 4525 Rossbachius
1454 4475 1479 4523 ct
