3142 5059
435 410 665 475 CARMINVM
693 414 882 475 CATVLLI.
1173 418 1233 475 259

33 614 149 671 333,
173 614 233 671 333
255 599 442 673 transposuit,
462 614 534 657 mox
556 601 624 673 365,
645 601 722 673 3663
743 608 807 657 tum
827 616 946 658 uersum
966 608 1034 675 post
1056 612 1124 673 355,
1146 598 1235 657 alium

33 703 146 770 post
165 708 223 767 373
241 704 342 754 censet
355 696 507 767 excidisse,
522 695 648 773 denique
666 714 785 755 uersum
806 696 1005 755 intercalarem
1027 698 1084 770 378
1105 696 1235 772 spurium

33 793 181 851 habet„
223 792 263 852 Et
283 793 426 852 excidisse
447 794 566 869 quidem
587 785 694 871 aliquid
715 804 765 853 aut
785 804 853 853 ante
874 808 931 869 355
952 802 1002 853 aut
1022 802 1090 869 post
1109 812 1177 852 eum
1198 810 1236 851 ex

33 891 144 965 ipso
168 907 257 948 uersu
278 901 399 968 apparet
420 888 607 967 Troiugenum
627 890 727 969 eiss‘esto
739 895 918 965 prosternens
938 899 1053 964 corpora
1062 888 1171 967 feno,-
1193 888 1235 947 sic

39 988 163 1045 enim
182 986 212 1044 in
227 988 346 1063 optimis
363 988 514 1047 codicibus
531 988 643 1063 legitur,
657 1005 720 1045 non
734 992 897 1062 prosternet.
941 986 1000 1046 Sed
1014 986 1084 1043 nihil
1097 984 1152 1045 tale
1167 994 1235 1062 post

44 1104 77 1159 3
86 1098 136 1157 71
157 1084 301 1144 accidisse
316 1084 405 1144 credo
413 1106 421 1157 ;
443 1103 498 1143 nec
511 1085 600 1144 uideo
614 1104 665 1143 333
678 1084 855 1143 intercalaris
869 1102 971 1143 uersus
987 1086 1045 1159 378
1063 1102 1117 1160 pro
1135 1085 1234 1161 spurio

44 1183 238 1243 habendus
253 1186 298 1256 sit,
312 1186 482 1261 praesertim
496 1203 565 1244 cum
584 1185 614 1242 in
631 1184 768 1243 omnibus
788 1185 940 1243 codicibus
960 1184 1014 1243 nisi
1031 1201 1091 1242 uno
1105 1184 1234 1243 alteroue

46 1300 112 1340 ex
138 1282 324 1359 interpolatis
344 1283 465 1358 legatur.
507 1281 588 1340 Tum
605 1281 686 1357 quod
703 1282 771 1341 dicit
791 1282 926 1358 strophas
947 1301 983 1340 ex
1003 1282 1149 1358 quaternis
1169 1300 1236 1341 uer·

50 1380 165 1439 sibus
190 1391 324 1440 constare
349 1380 455 1457 quibus
483 1380 674 1455 subiungatur
697 1380 882 1449 intercalaris,
906 1380 961 1438 nisi
984 1380 1065 1455 quod
1089 1380 1134 1439 bis
1159 1379 1235 1439 ordo

50 1478 216 1538 turbatus
230 1478 282 1550 sit3
304 1477 542 1555 transponendos
555 1478 634 1537 enim
648 1494 714 1537 esse
729 1496 798 1552 333,
816 1480 873 1553 365
889 1478 1053 1541 1333333313

121 1598 258 1677 (Stroph.
271 1604 300 1666 β.
313 1598 344 1676 4)
357 1617 374 1674 3
378 1618 413 1674 33
437 1598 685 1675 languidulosque
692 1604 777 1673 paret
788 1604 872 1656 tecum
885 1602 1049 1675 coniungere
1061 1619 1167 1659 somnos

300 1693 344 1773 (5)
357 1714 415 1771 333
438 1694 569 1775 (Currite
581 1697 704 1753 ducentes
716 1696 895 1772 subtegmina,
909 1698 1015 1754 currite
1018 1696 1109 1776 susi)-

121 1790 258 1871 (Stroph.
272 1818 298 1867 γ.
314 1791 342 1871 3)
356 1813 412 1869 333
435 1792 527 1851 leura
541 1793 714 1851 substernens
727 1792 836 1851 rodente
850 1792 965 1851 brachr'a
979 1794 1045 1853 collo

120 1888 257 1970 (Stroph.
278 1915 296 1950 ι.
312 1889 343 1970 4)
356 1893 414 1966 366
435 1890 515 1950 Nant
529 1892 647 1950 reinulae
648 1892 736 1971 susus
749 1892 853 1948 dederit
853 1892 927 1969 flurs
940 1893 1042 1967 copiam
1055 1891 1177 1951 Achiuis

300 1988 345 2069 (5)
358 1993 416 2065 365
440 1990 570 2071 (Currite
583 1992 705 2049 ducentes
716 1990 896 2066 subtegmina,
910 1990 1105 2070 mrn'tesusr)

123 2084 256 2165 (Stroph
276 2111 299 2147 e.
319 2084 348 2164 3)
361 2089 418 2163 367
449 2086 532 2147 Vrbis
544 2088 715 2147 Dardaniae
727 2070 871 2163 Neptunia
884 2089 988 2146 saluere
1002 2089 1095 2146 uincla

70 2237 256 2297 quanquam
270 2219 421 2279 Theocriti
435 2221 500 2281 Eid.
516 2221 556 2280 II.
578 2230 607 2280 et
627 2220 733 2280 Catulli
754 2221 835 2280 LXI.
856 2218 1050 2301 (151)-(154)
1071 2223 1162 2294 affert,
1183 2224 1236 2283 ubi

73 2317 261 2377 sententiam
279 2318 385 2394 pariter
400 2318 581 2395 interrumpit
594 2320 760 2393 iniptcypa3
782 2318 875 2378 fateor
889 2330 988 2379 tamen
1007 2320 1037 2379 id
1051 2320 1122 2379 mihi
1136 2322 1236 2381 durius

73 2414 187 2485 uideri,
202 2433 291 2490 quam
304 2425 338 2474 ut
352 2415 381 2473 in
395 2425 455 2473 tam
469 2415 592 2491 limpido
605 2416 733 2473 carmine
748 2414 880 2475 Catullus
894 2417 1051 2477 admiserit.

123 2512 250 2589 Propius
264 2514 303 2573 ad
315 2531 419 2572 uerum
433 2515 556 2574 accessit
570 2513 739 2585 Pleitnerus,
753 2513 813 2573 hoc
827 2516 985 2575 constituto
1000 2514 1102 2574 ordine

332 2631 472 2703 5÷4³r⁶
576 2642 697 2703 555555
802 2631 942 2704 6÷4÷5

79 2743 230 2804 Intellexit
257 2744 336 2801 enim
364 2742 494 2802 medium
522 2743 621 2802 locum
647 2752 747 2801 tenere
774 2744 908 2803 iteratum
937 2744 1053 2820 saepius
1080 2760 1235 2802 numerum

82 2842 259 2918 quinarium,
274 2841 324 2916 qui
338 2850 436 2899 autem
449 2840 584 2917 utrinque
599 2850 684 2911 stent,
698 2840 773 2898 inter
788 2859 820 2900 se
834 2842 1011 2918 respondere
1028 2845 1092 2898 euri
1110 2842 1235 2915 χιασμόν.

84 2938 149 2998 Sed
174 2948 273 2997 633333
299 2939 405 2997 errauit
432 2935 473 3017 (a)
499 2939 581 3015 quod
608 2948 667 2997 tres
693 2939 805 3014 primae
833 2938 972 3016 strophae
1000 2938 1041 2999 313
1069 2958 1101 2998 se
1126 2939 1236 2999 habent

85 3039 238 3113 5÷6÷4,
259 3055 322 3096 non
343 3040 503 3111 5÷4÷63
533 3034 576 3116 (8)
601 3036 683 3113 quod
708 3037 779 3096 dum
808 3056 859 3096 sex
887 3038 1022 3113 strophas
1052 3038 1083 3095 in
1107 3036 1236 3096 Mesodo

84 3135 178 3212 ponit,
202 3151 321 3193 uersum
343 3133 458 3211 supplet
482 3134 512 3192 in
538 3135 679 3209 362-365
701 3134 752 3192 ubi
776 3134 847 3193 nihil
872 3134 1067 3211 supplendum
1091 3145 1154 3194 erat
1160 3154 1169 3209 ;
1192 3131 1235 3213 (γ)

85 3232 170 3311 quod
184 3233 290 3291 omittit
306 3236 374 3308 378.

129 3330 205 3390 Scite
219 3329 372 3403 Franlrius,
386 3348 482 3407 neque
496 3331 521 3389 is
535 3340 635 3390 633333
648 3340 727 3390 33363
741 3349 810 3389 meo
825 3330 941 3389 iudicio.
983 3330 1066 3390 Facit
1080 3330 1160 3389 enim

176 3449 224 3532 (A)
246 3453 385 3512 Proodon
449 3468 599 3530 333-337.
642 3453 799 3513 Parcarum
813 3453 852 3513 ad
866 3452 953 3511 Pelea
967 3452 1177 3530 praelationem

177 3547 222 3631 (e)
245 3571 262 3611 a
285 3550 420 3628 strophas
448 3553 599 3627 328-337.
640 3550 822 3609 Felicitatem
835 3549 913 3608 Pelei
928 3560 959 3609 et
971 3548 1107 3610 Thetidis

178 3648 222 3729 (r)
246 3664 262 3726 7
285 3649 420 3725 strophas
449 3654 599 3726 338-373.
640 3650 687 3709 De
701 3648 815 3709 Achille
830 3648 1069 3709 uaticinationem

178 3746 225 3827 (a)
249 3746 328 3827 3(31)
335 3747 597 3826 3633313373-383.
639 3747 818 3807 Felicitatem
831 3746 911 3808 Pelei
925 3760 955 3807 et
969 3747 1110 3810 Thetidis.

91 3882 140 3941 Sic
164 3881 341 3956 respondent
368 3881 443 3938 inter
466 3898 498 3939 se
522 3889 620 3956 partes
644 3879 734 3939 altera
758 3890 788 3938 et
812 3891 931 3957 quarta;
954 3882 1033 3941 idem
1057 3880 1088 3939 in
1112 3890 1235 3957 utraque

91 3988 299 4054 argumentum,
318 3977 419 4036 similis
439 3977 557 4047 locutio,
577 3976 615 4036 cf.
634 3984 725 4053 optata
743 3980 801 4053 328
823 3985 926 4053 optatos
946 3993 1014 4054 373,
1034 3980 1160 4037 coniunx
1176 3996 1234 4055 329

91 4077 212 4136 coniunx
230 4088 298 4149 373,
326 4076 423 4133 mentis
442 4094 562 4134 amnem
585 4093 645 4151 333
671 4076 765 4133 antini
781 4093 888 4135 amares
910 4088 978 4151 373,
1005 4076 1156 4134 coniunxit
1176 4091 1234 4157 335

92 4172 240 4246 coniungite
266 4184 334 4245 373,
369 4172 513 4229 concordia
542 4173 601 4245 336
634 4190 681 4229 nec
708 4172 844 4229 discordiis
873 4185 950 4247 379;
986 4171 1095 4231 similes
1123 4171 1237 4230 numeri

94 4274 132 4342 64
146 4292 176 4321 =
189 4271 236 4341 46.
280 4268 339 4327 Sed
357 4269 503 4328 mesodon
522 4269 628 4326 mirum
642 4278 784 4345 quantum
804 4278 916 4327 mutare
937 4270 1051 4345 3331633
1069 4277 1101 4326 ut
1120 4268 1237 4340 σχήματι

94 4385 146 4429 suo
157 4365 367 4426 accommodet
408 4364 488 4424 Nam
502 4365 620 4424 codices
634 4365 688 4424 has
703 4365 838 4442 strophas
852 4364 991 4424 exhibent
1006 4359 1174 4441 (338-371)

495 4477 709 4556 53546135
753 4480 811 4549 46

627 4583 710 4647 ula
