3142 5059
499 379 857 441 PROLEGOMENA·
1223 382 1251 437 iii

86 562 226 638 uestigia
249 580 319 638 prae
344 581 376 621 se
401 563 455 622 lert
479 565 550 621 noni
575 563 623 623 uel
648 564 754 623 decimi
781 564 900 625 saeculi.
952 564 1120 643 Disputauit
1145 566 1182 625 de
1207 566 1252 625 his

87 660 286 721 Froehnerus
310 663 341 720 in
366 661 521 738 Philologo
543 662 626 721 XlV.
642 665 711 737 578,
734 663 814 723 unde
838 664 977 741 paginam
1001 665 1253 725 transcribendam

88 777 207 819 curam.

141 2876 229 2938 Haec
252 2880 350 2939 titulos
370 2880 487 2941 exhibet
508 2883 679 2953 carminum,
700 2882 802 2958 quales
823 2882 853 2939 in
868 2880 901 2938 D
914 2882 1104 2957 reperiuntur.
1145 2880 1254 2941 Forma

100 2972 249 3037 literarum
268 2980 339 3038 satis
358 2981 477 3057 antiqua
496 2981 534 3041 ad
549 2980 577 3039 X
592 2992 670 3040 certe
690 2982 849 3052 saeculum,
865 2980 988 3040 fortasse
1009 2982 1047 3040 ad
1061 2980 1108 3038 IX
1124 2979 1254 3039 refertur.

102 3070 136 3130 Id
160 3076 365 3138 demonstrant
389 3081 549 3156 apertiores
572 3081 599 3138 A
613 3078 641 3136 V
657 3080 685 3137 R
699 3078 733 3151 B,
757 3078 783 3138 C
808 3081 839 3137 in
864 3078 998 3139 dextram
1022 3089 1143 3139 curuata
1166 3090 1254 3155 atque

102 3186 204 3248 erecta,
220 3176 246 3235 F
260 3178 290 3235 in
308 3178 441 3237 dextram
460 3180 625 3255 insurgenS,
645 3179 674 3237 N
695 3179 772 3237 linea
793 3190 873 3237 recta
893 3190 923 3237 et
944 3179 1081 3257 propiore
1102 3178 1200 3237 literae
1221 3176 1252 3236 H

103 3290 161 3330 non
181 3286 212 3335 ut
232 3276 405 3353 plerumque
419 3296 437 3335 a
451 3296 567 3336 summa
581 3278 696 3337 sinistra
710 3277 749 3337 ad
762 3279 853 3336 imam
867 3279 999 3337 dextram
1015 3278 1103 3336 ducta
1116 3277 1147 3334 in
1161 3288 1254 3335 trans·

104 3386 227 3445 uersum,
252 3394 268 3433 e
294 3375 420 3451 denique
444 3377 608 3435 minuscula
632 3378 731 3435 iuncta
754 3394 882 3451 magnae
900 3374 959 3454 (E).
1002 3375 1088 3434 Idem
1108 3375 1196 3434 etiam
1216 3394 1253 3433 ex

104 3474 271 3541 permutatis
286 3474 316 3531 in
330 3473 449 3535 Datano
463 3475 551 3534 literis
566 3474 739 3551 intelligitur.
781 3474 987 3533 Permutantur
1000 3485 1098 3533 autem
1112 3474 1168 3532 hae

144 3699 168 3753 e,
182 3702 200 3741 a
265 3681 376 3741 dicabis
387 3682 463 3741 cassi
474 3682 584 3740 detinat
595 3682 723 3759 eripuisti
735 3681 862 3759 Cybales
873 3682 983 3741 alacras
999 3706 1030 3734 =
1045 3682 1164 3741 dicebas
1178 3683 1254 3742 cessi

305 3780 416 3839 detinet
433 3779 562 3855 eripuisti
577 3779 703 3856 Cybeles
723 3780 850 3853 alacres;
872 3781 927 3839 dee
946 3781 1033 3857 pinee
1052 3780 1125 3856 perit
1143 3780 1255 3856 legerat

306 3879 370 3937 talis
390 3879 556 3937 suscitet:
572 3879 627 3938 dea
642 3880 729 3956 pinea
742 3880 818 3955 parit
830 3879 941 3955 legarat
955 3879 1019 3938 talis
1034 3880 1162 3938 suscitat.
1205 3878 1253 3937 Sic

306 3976 528 4037 Theleamacho
549 3996 585 4035 ex
607 3978 756 4053 scriptura,
771 3988 804 4035 ut
824 3979 947 4049 uidetur,
961 3988 1067 4048 ortum,
1082 3996 1157 4054 quae
1173 3977 1253 4035 The·

304 4077 439 4136 lemaeho
454 4096 492 4137 au
507 4077 710 4136 Thelamacho
724 4090 802 4136 esset
815 4078 846 4135 in
859 4078 971 4137 incerto
985 4079 1048 4136 fuit.

147 4191 173 4245 ο,
186 4195 203 4235 a
264 4175 381 4235 Pasiteo
396 4189 479 4253 tergo
494 4176 615 4251 delapso
631 4186 712 4235 tanto
728 4200 760 4229 =
775 4176 912 4236 Pasithea
925 4188 1007 4254 terga
1021 4178 1142 4254 delapsa
1155 4188 1252 4249 tanta;

307 4288 356 4333 tua
370 4275 449 4333 nulla
463 4285 525 4333 tota
538 4277 665 4351 obrupto
680 4298 711 4325 =
726 4284 777 4334 tuo
792 4276 872 4335 nullo
887 4287 950 4335 toto
963 4278 1098 4352 abrupto.

147 4390 203 4443 u,a
263 4374 377 4433 diualso
392 4374 502 4435 bonam
516 4374 670 4434 uolturium
684 4375 829 4433 buttriade
844 4398 876 4426 =
891 4375 1006 4433 diuulso
1025 4376 1138 4433 bonum
1157 4375 1253 4433 uultu-

306 4474 379 4531 rium
394 4473 543 4531 battriade.

635 4578 716 4644 iib2
