3142 5059
463 377 692 438 CARMINVM
718 379 906 440 CATVLLI.
1196 384 1256 439 293

98 559 212 632 habeo,
224 569 390 638 postremos
400 570 457 620 tres
468 579 570 621 uersus
581 579 633 639 per
648 579 680 622 se
694 571 769 620 stare
784 572 925 638 tanquam
939 580 957 621 a
970 561 1073 621 ceteris
1087 561 1257 622 disiunctos.

99 659 223 718 Priores
244 657 386 718 Frankius
407 659 449 717 sic
470 659 586 718 ordinat
607 662 684 734 383;
706 659 816 735 inquo
837 659 941 718 deesse
961 677 1027 718 reor
1048 659 1156 735 aliquid
1176 660 1257 737 quod

100 758 273 834 aequalitati
294 757 473 817 Catullianae
497 757 660 817 satisfaciat.
701 756 863 816 Possumus
888 760 905 816 8
928 775 1030 817 uersus
1056 759 1087 816 in
1108 776 1163 831 4.4
1185 759 1257 818 diui·

101 857 196 928 dere3
218 873 278 932 quo
299 855 377 914 lacto
398 855 500 915 slmilis
521 855 618 915 euadit
638 854 767 932 Prologo
786 854 876 915 Persi
918 854 978 915 Sed
996 855 1147 932 Coningto
1167 857 1258 916 obicit

102 971 228 1014 uersum
244 969 260 1028 7
279 952 388 1028 Oquid
396 953 494 1012 10111111
507 960 548 1012 est
559 953 663 1010 deonas
676 954 779 1012 curti?
799 971 867 1012 cum
884 963 990 1012 octauo
1005 952 1079 1013 Cum
1097 973 1171 1012 meas
1188 973 1259 1012 onus

103 1054 218 1126 reponit
237 1071 271 1110 ac
289 1053 438 1128 peregrino
458 1051 563 1110 arctius
584 1049 740 1110 cohaerere
757 1068 847 1127 quam
868 1051 918 1127 qui
938 1052 976 1110 ab
996 1069 1034 1110 eo
1054 1052 1257 1123 abscindatur;

104 1150 237 1228 quodsi
259 1150 409 1210 admiseris
430 1148 535 1208 cadere
555 1149 747 1225 partitionem.
790 1149 875 1208 Idem
893 1150 985 1207 secuti
1004 1149 1051 1207 alii
1069 1151 1111 1210 sic
1125 1149 1259 1210 diuidunt

107 1267 150 1324 33
167 1268 215 1320 44,
238 1248 285 1308 alii
304 1267 341 1323 33
360 1256 496 1322 1÷3÷r
514 1267 541 1322 3.
583 1247 667 1306 Prius
680 1265 742 1308 non
756 1257 836 1308 recte
850 1267 882 1307 se
895 1248 1003 1308 habere
1017 1249 1076 1308 iam
1089 1248 1148 1307 dixi
1157 1268 1165 1320 ;
1187 1267 1258 1308 nam

104 1365 158 1406 uu
173 1365 271 1418 ¹²·14
285 1364 338 1423 per
351 1364 383 1404 se
397 1355 472 1404 stare
487 1345 544 1404 hoc
558 1355 602 1404 est
615 1347 697 1421 quod
710 1363 803 1406 unum
816 1357 861 1404 est
874 1364 929 1424 pro
942 1347 1103 1424 explorato.
1130 1345 1258 1406 Carmen

104 1447 140 1504 11
164 1462 202 1520 33
227 1449 400 1518 143113
426 1444 556 1519 potuisse
582 1443 706 1502 describi
730 1453 760 1503 et
783 1444 847 1520 ipse
871 1445 1084 1517 concesserim
1116 1444 1170 1504 sed
1194 1465 1259 1504 rara

104 1542 191 1620 apud
215 1540 362 1601 Catullum
389 1541 556 1600 hulusmodi
580 1540 745 1618 descriptio.
799 1542 903 1618 Itaque
930 1542 1016 1600 aliam
1040 1543 1119 1602 uiam
1143 1560 1259 1619 sequor.

106 1641 211 1700 Credo
229 1641 308 1699 enim
326 1639 450 1717 primam
467 1643 609 1714 περικοπὴν
626 1649 694 1715 post
712 1657 816 1711 4,101
834 1640 1110 1715 710013001010,11ῐ
1129 1642 1260 1702 sectmda

108 1739 154 1798 sic
168 1738 311 1814 procedat

274 1890 295 1951 β
342 1884 400 1944 Vix
413 1888 456 1944 mi
466 1888 520 1960 ipse
533 1885 643 1944 credens
660 1883 801 1944 Thumna
814 1891 893 1962 atque
906 1883 1045 1944 Bz'thunos

337 1983 467 2059 Lapatise
480 1993 586 2059 compos
599 1990 625 2042 et
637 1985 730 2042 wilere
743 1990 768 2041 le
781 1985 812 2042 a'n
825 1991 890 2044 tuto,

340 2079 448 2157 Oqur'd
457 2081 554 2139 solutis
568 2088 608 2139 est
618 2081 722 2140 beateae
735 2084 837 2141 curis?

108 2234 204 2304 tertia,
218 2241 250 2292 ut
265 2233 323 2290 iam
337 2231 431 2307 posui,
447 2231 489 2289 sic
503 2231 621 2306 incipiat

274 2388 294 2437 γ
336 2361 408 2421 Cum
422 2381 495 2420 mou
509 2379 578 2420 onus
592 2365 697 2436 reponi]
708 2362 897 2438 acperegrt'no

110 2513 158 2572 Ita
179 2522 304 2589 quatuor
324 2509 536 2585 septiminae
558 2519 625 2569 sunt
650 2528 698 2584 43,
717 2528 755 2585 43
779 2507 883 2590 (αβγδ),
908 2509 1038 2586 singulae
1063 2519 1161 2570 autem
1184 2510 1259 2572 haec

110 2611 223 2670 habent

155 2741 197 2813 (a)
232 2737 370 2797 Laetatur
384 2737 514 2797 Catullus
529 2737 609 2814 quod
626 2736 802 2797 SirmIonem
815 2737 918 2797 iterum
932 2737 1046 2799 inuisat

154 2863 199 2936 (β)
234 2859 293 2919 Sed
321 2869 433 2918 tantum
461 2859 581 2919 laetatur
608 2869 640 2919 ut
668 2860 722 2918 sibi
750 2861 800 2919 uix
828 2861 936 2932 credat,
964 2860 1129 2921 felicitatem
1157 2870 1262 2923 nactus

276 2959 408 3017 omnium
423 2959 590 3028 maximam,
605 2958 685 3034 quod
700 2977 717 3017 a
732 2958 807 3017 curis
822 2958 933 3018 solutus
947 2960 991 3018 sit.

155 3089 197 3162 (γ)
233 3084 313 3145 Nam
323 3095 391 3162 post
401 3086 507 3162 longos
518 3085 633 3144 labores
644 3085 674 3143 in
685 3086 807 3144 domurn
818 3085 911 3144 redire
921 3085 980 3144 hoc
994 3095 1039 3144 est
1051 3084 1259 3144 beaussimum.

154 3212 195 3285 (d)
232 3209 335 3286 Itaque
350 3209 461 3268 saluere
476 3209 555 3268 iubet
570 3208 745 3268 Sirmionem
760 3209 910 3268 Benacum
925 3210 1056 3268 domum.

41 3379 45 3384 '
155 3376 203 3436 Sic
217 3375 298 3453 quod
311 3375 343 3434 in
356 3375 414 3434 fine
428 3375 532 3453 prioris
546 3374 635 3452 partis
652 3375 743 3451 ponit,
758 3374 842 3452 ponit
855 3375 943 3433 etiarn
956 3373 987 3433 in
1000 3373 1059 3432 fine
1073 3372 1258 3449 posterioris;

111 3474 356 3552 respondentibus
377 3475 451 3533 inter
471 3492 503 3532 se
524 3486 539 3547 7
559 3472 585 3530 0
603 3472 673 3548 quid
689 3473 784 3531 solutt's
804 3480 845 3531 est
862 3472 966 3530 beatrice
986 3471 1088 3530 curis?
1112 3489 1147 3543 14
1162 3467 1262 3528 Rene

112 3573 306 3650 quicquain!
326 3572 403 3630 domi
422 3572 627 3630 cachinnorum.
670 3569 762 3643 Quod
783 3589 893 3631 nouam
914 3572 1056 3645 περικοπὴν
1074 3587 1094 3628 a
1114 3568 1261 3629 uocabulo

114 3671 186 3732 Cmn
207 3670 316 3746 incipit,
338 3669 407 3730 fecit
428 3670 508 3729 idern
525 3668 600 3742 II.5
623 3667 696 3728 Cum
718 3668 849 3726 desiderii
876 3685 931 3726 nuo
958 3669 1058 3726 mlenn'
1078 3666 1131 3725 IV.
1150 3685 1187 3726 10
1211 3665 1265 3726 Vbi

111 3773 161 3829 iste
180 3775 249 3845 post
267 3768 401 3842 phaselus
426 3773 507 3825 anteo
520 3767 597 3852 'suit
626 3785 682 3826 nec
711 3766 836 3829 multum
863 3765 950 3824 distat
977 3765 1008 3825 id
1035 3761 1117 3842 quod
1144 3767 1261 3842 saepius

111 3875 239 3943 usurpat,
256 3874 287 3924 ut
306 3883 416 3924 nouam
430 3867 571 3938 περικοπὴν
584 3884 602 3922 1
620 3864 739 3923 relatiuo
758 3864 884 3940 incipiat,
899 3863 935 3923 cf.
950 3863 1049 3922 XVII.
1061 3882 1108 3935 14,
1122 3862 1218 3924 XXV.
1231 3884 1260 3940 9,

111 3963 285 4023 XXXVIII.
298 3983 326 4035 4,
341 3961 451 4020 LXIV.
466 3981 512 4033 11,
526 3981 573 4038 31,
586 3965 634 4034 60,
648 3965 715 4037 178,
730 3960 872 4019 LXVIII.
885 3962 961 4036 (91),
974 3963 1070 4035 (105),
1084 3961 1141 4019 III.
1154 3975 1182 4035 5,
1197 3979 1243 4020 11.

150 4098 290 4160 Carmina
312 4096 412 4169 XVII,
434 4095 575 4168 XXXVI,
598 4094 756 4168 XXXVII,
778 4093 865 4153 XLII
886 4095 945 4155 hoc
969 4093 1079 4154 habent
1102 4112 1262 4154 commune

112 4195 190 4273 quod
225 4195 327 4254 omnia
360 4195 390 4253 in
426 4193 524 4253 medio
560 4193 739 4263 scinduntur,
772 4191 861 4250 XVII
896 4193 928 4252 in
959 4211 996 4267 13
1016 4207 1038 4250 x
1060 4211 1087 4262 a,
1118 4191 1261 4262 XXXVI,

112 4293 260 4354 XXXVII
288 4303 409 4370 utraque
437 4293 467 4350 in
494 4307 601 4364 roxa,
626 4290 713 4349 XLII
737 4291 768 4348 in
795 4308 901 4351 taxa.
942 4290 980 4349 In
1002 4290 1092 4349 XVII
1113 4300 1136 4346 Α
1151 4291 1258 4364 (1-13)

113 4393 242 4453 Catullus
271 4401 334 4451 orat
362 4391 526 4463 Coloniam,
555 4400 594 4462 ut,
623 4390 647 4449 si
673 4389 743 4450 uelit
770 4398 861 4465 ponte
890 4405 971 4449 nouo
998 4387 1050 4458 uti,
1077 4386 1258 4464 munidpem
