3142 5059
448 395 678 455 CARMINVM
707 394 896 457 CATVLLI.
1184 398 1242 454 275

82 578 254 655 excipiunt,
269 578 347 639 idem
366 578 499 637 amedio
517 580 672 655 usquead
692 578 783 637 finem
805 578 940 638 carminis
960 576 1013 637 sed
1032 577 1164 635 inuersus
1184 592 1244 635 ser·

83 687 188 736 natur.
230 675 310 735 Nam
324 675 383 735 hoc
396 677 489 735 modo
502 693 550 735 res
563 693 596 735 se
609 675 765 752 excipiunt

134 773 385 837 Altius-Catulli
404 770 1130 834 amor-Lesbia-Laudamia-Troia-Catulli
1150 770 1244 833 fratris

84 870 810 932 mors-Troia—Laudamia-Lesbia—Catnlli
824 870 1048 931 amor-Allius.

134 991 495 1073 Seninter(141)-(142)

258 1117 298 1176 At
312 1117 382 1193 quia
394 1134 451 1175 nec
465 1116 540 1175 diuis
553 1115 689 1175 homines
702 1116 875 1191 componier
888 1133 1014 1193 aequum
1028 1124 1081 1185 est,

299 1213 451 1290 Ingratum
465 1213 579 1272 tremuli
593 1214 662 1272 tolle
675 1214 805 1289 parentis
819 1230 903 1273 onus.

86 1363 157 1405 non
171 1362 267 1421 pauca
279 1344 460 1405 intercidisse
473 1354 542 1420 post
554 1343 779 1403 Lachmannum
790 1342 1012 1421 Hauptiumque
1026 1358 1080 1421 pro
1093 1342 1244 1419 explorato

87 1442 200 1502 habeo.
236 1441 336 1501 ‘Dixit
349 1452 436 1501 antea
449 1441 592 1501 Catullus’
606 1451 674 1501 utor
686 1442 784 1501 uerbis
798 1439 937 1518 Hauptiil
951 1442 1083 1518 ‘puellae
1096 1458 1166 1500 suae
1179 1440 1245 1499 infi-

88 1545 99 1572 ‘
117 1540 269 1599 delitatem
280 1539 423 1616 patienter
444 1556 509 1598 sese
522 1538 647 1598 laturum
657 1556 731 1610 esse,
752 1556 823 1597 nam
844 1540 939 1615 ipsam
959 1538 1091 1599 Deorum
1111 1539 1244 1614 reginam
1322 1538 1325 1543 ’

90 1644 100 1669 ‘
116 1638 266 1697 Iunonem
280 1636 420 1696 adulteria
429 1636 511 1695 Iouis
524 1636 681 1695 toleranter
689 1636 762 1696 ferre
770 1637 902 1713 iramque
913 1653 1106 1713 concoquere.
1128 1635 1244 1696 Deinde

91 1739 101 1766 ‘
114 1740 123 1767 ‘
137 1736 206 1810 μία
219 1752 267 1791 nec
279 1734 354 1791 deaei
366 1733 487 1791 lomim
500 1736 652 1807 coementes
665 1752 780 1808 aeqsam
794 1731 849 1791 est'
869 1751 906 1792 eo
920 1733 1134 1809 digressionum
1148 1733 1244 1792 studio

92 1838 181 1908 ‘quo
201 1840 297 1889 totum
308 1830 367 1890 hoc
385 1847 505 1890 carmen
526 1830 641 1889 excellit
659 1830 736 1889 aliud
755 1830 932 1905 exemplum,
947 1830 1033 1889 aliam
1046 1830 1244 1889 narrationem

91 1936 101 1962 ‘
117 1929 274 2007 protulisse
287 1929 418 1989 uinemr!
453 1929 499 1988 Ea
513 1929 654 2005 digressio
669 1930 762 2005 qualis
776 1930 862 1989 fuerit
882 1947 919 1988 ex
934 1926 1019 2008 (14²)
1035 1930 1137 1989 elicere
1151 1948 1243 2006 quan·

90 2045 187 2104 qnam
206 2027 376 2086 audentiore
396 2026 564 2087 coniectura
577 2036 701 2086 conatus
722 2044 797 2085 sum.
839 2025 938 2097 Quem
955 2043 1072 2085 uersum
1094 2028 1118 2085 si
1138 2044 1192 2103 per
1212 2044 1244 2087 se

91 2136 248 2201 sumptum
267 2124 358 2201 legas,
379 2124 429 2182 uix
451 2123 554 2182 dubito
574 2125 646 2200 quin
662 2124 702 2183 ita
724 2123 813 2183 breris
832 2124 1077 2200 interpretatione,
1099 2123 1245 2183 ‘Subleua

93 2227 223 2280 ‘senem
242 2229 363 2296 patrem,
378 2220 514 2296 quamuis
529 2220 676 2294 ingratum
695 2236 771 2277 onus
788 2218 916 2277 futurum
937 2219 1118 2279 subleuanti'
1170 2218 1246 2278 Tolle

94 2319 178 2377 enim
198 2317 269 2394 qnid
289 2317 360 2376 uelit
379 2335 416 2375 ex
435 2317 536 2375 addito
549 2336 618 2375 onan
635 2312 818 2375 declaratur¹.
860 2316 906 2375 De
920 2334 980 2392 quo
995 2325 1091 2375 autem
1113 2316 1154 2377 sic
1173 2316 1245 2377 dixit

94 2416 250 2475 Catullus?
292 2414 367 2473 Puto
391 2413 429 2472 de
450 2414 580 2472 Anchisa
603 2432 693 2490 quem
719 2414 795 2473 filius
816 2414 935 2473 Aeneus
959 2416 1066 2474 umeris
1091 2414 1243 2475 sustulerit.

95 2511 208 2572 Pariter
222 2512 294 2571 dixit
307 2511 452 2587 Vergilius
465 2511 496 2568 in
510 2510 584 2569 Aen.
600 2510 640 2568 II.

260 2655 332 2715 Non
346 2655 426 2732 prius
438 2655 561 2730 aspicies
575 2654 626 2713 ubi
639 2654 749 2715 sessum
763 2664 858 2713 aetate
872 2666 1024 2731 parentem

259 2752 392 2829 Liqueris
406 2752 576 2811 Anchisen?
597 2760 715 2828 superet
728 2752 876 2812 coniuxne
891 2752 1003 2815 Creusa

259 2850 463 2926 Ascaniusque
477 2851 568 2926 puer?

431 2946 435 2953 ’
524 2962 647 3039 genitor,
662 2980 753 3039 quem
765 2962 859 3021 tollere
871 2961 901 3021 in
916 2964 990 3022 altos

259 3059 408 3135 Optabam
422 3061 549 3135 primum
563 3069 689 3131 montes,
703 3061 888 3136 primumque
902 3063 1048 3137 petebam,

259 3158 396 3233 Abnegat
409 3158 508 3217 excisa
520 3157 612 3216 uitam
625 3158 788 3233 producere
802 3156 902 3228 Troia,

259 3253 445 3330 Exiliumque
459 3254 529 3330 pati.
570 3252 635 3313 Vos
648 3271 677 3326 o,
692 3255 798 3331 quibus
812 3255 925 3329 integer
938 3254 1003 3311 aeui

260 3350 395 3429 Sanguis,
409 3353 458 3423 ait,
472 3352 641 3428 solidaeque
655 3370 710 3411 suo
724 3361 802 3411 stant
815 3352 922 3411 robore
935 3352 1021 3422 uires,

261 3448 324 3508 Vos
339 3450 446 3525 agitate
461 3448 570 3525 fugam.

261 3562 326 3621 ram
339 3563 453 3639 pridem
466 3564 577 3623 ussus
591 3563 675 3622 nius
689 3572 719 3622 et
732 3561 841 3621 nurse
855 3546 949 3621 annos

261 3659 415 3719 Demoror.

130 3814 139 3843 ¹
156 3814 243 3874 ilaupt.
255 3813 351 3874 Qraest.
363 3814 447 3861 Catuli
460 3829 483 3874 p.
491 3826 532 3876 41.

130 3893 142 3924 ¹
156 3896 261 3956 Plerique
277 3898 310 3943 sic
326 3897 503 3957 interpretantru
515 3897 586 3943 Aufer
597 3903 694 3956 patrem,
705 3910 758 3942 cnm
771 3896 818 3943 ianr
835 3910 904 3944 senex
920 3904 944 3943 et
961 3896 1024 3944 oneri
1041 3895 1070 3943 sit
1077 3910 1084 3953 ς
1102 3910 1145 3943 nec
1162 3894 1247 3943 infitior

96 3978 198 4040 potuisse
213 3978 285 4024 etiam
300 3977 361 4024 hmrc
377 3992 468 4024 sensnm
484 3978 563 4034 latere,
579 3978 774 4038 quemadmodum
791 3977 849 4025 dixit
864 3978 937 4026 Varro
948 3978 1066 4042 Sexagessi
1084 3978 1112 4025 fr.
1123 3978 1167 4023 Vll
1179 3978 1248 4025 Riese

96 4056 338 4121 quutpam
354 4060 561 4106 &mammen
577 4060 790 4106 mammae
807 4060 1186 4120 nssftrtssdtollir,eisiaerssrot
1219 4058 1247 4105 ln

97 4141 181 4203 quibus
196 4140 296 4187 allusisse
308 4142 403 4187 uidetur
418 4142 518 4187 Aeneae.
558 4141 713 4187 Praecesserat
732 4142 818 4202 aliquid
837 4141 983 4189 huiusmodi:
1006 4142 1147 4202 ‘Qrondam
1158 4143 1248 4188 Aeneas

99 4230 206 4283 ‘patrem
217 4234 284 4267 soum
295 4222 380 4269 umeris
391 4222 496 4276 sustulit;
514 4236 575 4268 nunc
586 4223 637 4282 quis
653 4229 687 4269 est
704 4222 741 4269 uel
753 4224 832 4270 decem
849 4238 961 4271 annorum
973 4238 1029 4290 puer
1039 4222 1077 4283 qui
1094 4236 1141 4269 non
1157 4230 1248 4282 patrem

99 4303 239 4351 ‘snum-sed
254 4304 502 4351 ueneno-sustulerit?
528 4305 590 4351 Bene
601 4304 692 4351 Riesius
703 4313 814 4364 conparat
825 4306 967 4368 epigramma
979 4306 1003 4351 in
1014 4304 1130 4350 Neronem
1143 4304 1247 4367 (Sueten.

99 4385 154 4431 Ner.
167 4382 210 4447 39)
229 4382 287 4448 Quis
303 4393 369 4449 neget
379 4385 471 4432 Aeneas
486 4398 576 4449 magna
591 4385 621 4431 ds
636 4385 705 4446 stirpe
715 4385 850 4433 Naeuam?
872 4386 969 4433 Sustulit
985 4385 1021 4434 bic
1038 4393 1141 4441 mnam,
1158 4382 1247 4431 mentis

99 4467 140 4515 ille
152 4474 252 4528 patrm
789 4492 791 4498 ·

620 4563 645 4605 N
658 4564 679 4605 n
694 4565 713 4612 2
