3142 5059
766 351 985 416 CATVLLI

823 646 932 711 XCII.

391 798 510 863 Lasnm
533 799 580 862 mi
602 798 684 863 dicit
706 818 832 884 semper
854 799 938 863 male
961 818 1020 862 nec
1041 807 1130 862 tacet
1153 818 1293 883 unquam

339 1018 401 1071 Aul.
419 1018 523 1071 Gellius
538 1016 573 1071 N.
586 1019 620 1071 Α.
633 1018 683 1071 Vl.
698 1021 740 1071 16.
754 1036 779 1069 a.
816 1018 887 1070 Cum
906 1024 977 1070 esset
996 1016 1112 1070 uerbum
1131 1016 1266 1085 deprecor
1283 1015 1459 1069 doctiuscule

304 1090 424 1157 positum
441 1090 469 1141 iu
489 1089 588 1141 Catulli
606 1090 736 1153 carmine,
755 1090 820 1155 quia
841 1088 868 1141 id
894 1086 1044 1155 ignorabat,
1065 1087 1252 1155 frigidissimos
1276 1103 1373 1141 uersus
1399 1104 1460 1141 esse

305 1160 423 1225 dicebat,
438 1160 561 1212 omnium
579 1159 691 1227 quidem
709 1158 810 1211 iudicio
828 1158 1039 1225 uenustissimos,
1057 1175 1126 1227 quos
1144 1158 1297 1226 subscripsi.
1334 1158 1460 1211 ‘Lesbia

304 1231 364 1283 ‘mi
381 1230 447 1283 dicit
461 1269 468 1283 .
482 1269 489 1283 .
503 1269 510 1283 .
522 1230 573 1282 nisi
591 1231 671 1283 amo)
709 1229 855 1297 Deprecor
867 1230 919 1283 hoc
933 1231 959 1282 in
974 1230 1036 1283 loco
1052 1230 1095 1281 uir
1111 1230 1198 1281 bonus
1216 1230 1254 1281 ita
1273 1244 1333 1281 esse
1350 1228 1459 1281 dictum

304 1301 418 1370 putabat
434 1307 465 1353 ut
481 1301 642 1369 plerumque
654 1316 671 1354 a
682 1302 764 1367 uulgo
776 1300 884 1367 dicitur,
897 1299 971 1369 quod
988 1300 1121 1367 significat
1140 1300 1218 1353 ualde
1238 1316 1339 1367 precor
1357 1308 1387 1352 et
1408 1316 1460 1352 oro

303 1379 334 1426 et
357 1372 479 1440 supplico
503 1372 530 1424 ln
551 1388 607 1439 quo
628 1372 663 1424 de
687 1372 853 1439 praepositio
873 1372 907 1424 ad
929 1371 1083 1437 augendum
1105 1377 1134 1424 et
1156 1371 1352 1423 cumulandum
1373 1372 1460 1423 ualet.

305 1442 390 1514 Qod
408 1444 429 1495 si
448 1443 487 1496 ita
504 1449 585 1507 esset,
598 1442 687 1509 frigidi
705 1458 770 1495 sane
789 1458 884 1495 uersus
902 1442 1003 1496 forent.
1039 1442 1120 1494 Nunc
1137 1443 1211 1495 enim
1227 1448 1326 1494 contra
1342 1442 1461 1493 omnino

303 1522 362 1579 est;
386 1530 450 1567 nam
474 1513 509 1566 de
552 1514 698 1581 raepositIo
722 1514 852 1581 quoniam
876 1520 917 1567 est
942 1528 1042 1581 anceps
1066 1514 1093 1565 in
1115 1528 1171 1565 uno
1192 1512 1348 1581 codemque
1368 1512 1461 1564 uerbo

305 1584 457 1655 d(uplicem
473 1529 597 1653 sensgum
614 1584 696 1653 capit.
732 1584 777 1637 Sic
796 1585 868 1637 enim
888 1584 1022 1650 deprecor
1038 1598 1054 1637 a
1072 1584 1180 1637 Catullo
1197 1583 1301 1635 dictum
1317 1590 1361 1635 est
1377 1582 1460 1651 quasi

304 1656 428 1709 detestor
445 1656 490 1709 uel
508 1671 626 1709 execror
642 1655 687 1708 uel
706 1654 813 1723 depello
831 1656 876 1709 uel
894 1654 1053 1718 abominor;
1071 1661 1169 1707 contra
1186 1660 1278 1707 autem
1297 1655 1372 1706 ualet
1392 1670 1460 1706 cum

304 1727 405 1780 Cicero
423 1742 475 1796 pro
488 1726 519 1779 Ρ.
533 1727 605 1779 Sulla
621 1728 659 1780 ita
674 1725 741 1780 dicit
753 1728 761 1755 ‘
771 1742 854 1793 quam
869 1725 1017 1779 multorum
1033 1726 1077 1778 hic
1090 1726 1174 1778 uitam
1187 1732 1229 1777 est
1241 1742 1256 1777 a
1270 1725 1343 1777 Sulla
1355 1724 1461 1791 depre-

304 1800 411 1851 ‘catus
426 1836 433 1851 .
447 1836 454 1851 .
468 1797 484 1851 .'
521 1796 576 1850 Sed
590 1812 681 1865 neque
697 1798 771 1849 solus
784 1796 906 1851 Catullus
919 1796 957 1849 ita
969 1796 1022 1849 isto
1034 1796 1121 1849 uerbo
1133 1812 1197 1848 usus
1211 1802 1262 1849 est.
1298 1796 1377 1848 Pleni
1391 1803 1461 1847 sunt

303 1869 375 1923 adeo
392 1869 451 1922 libri
468 1869 562 1921 similis
578 1868 606 1920 in
622 1868 676 1921 hoc
691 1868 779 1921 uerbo
795 1868 1011 1934 significationis;
1030 1866 1175 1935 exquibus
1190 1882 1275 1919 unum
1291 1874 1321 1919 et
1336 1866 1461 1919 alterum

304 1956 375 2009 quae
387 1939 576 2063 subpfflerant
589 1940 710 2008 apposui.
746 1938 901 2008 QEnnius
917 1940 945 1991 in
963 1938 1101 1991 Erectheo
1118 1954 1174 1991 non
1192 1937 1272 2004 longe
1289 1952 1368 1990 secus
1384 1937 1461 1990 dixit

304 2026 387 2081 quam
401 2012 455 2064 Cat
492 2024 541 2064 us:

447 2100 455 2127 ‘
468 2098 575 2167 Qibus
586 2098 676 2163 nunc:
689 2097 785 2165 inquit,
799 2099 965 2165 ‘aerumpna
977 2112 1039 2150 mea
1051 2096 1206 2149 libertatem
1218 2096 1293 2165 paro'

446 2186 455 2215 ⁴
469 2185 575 2256 Qibus
586 2186 749 2240 semitutem
760 2201 823 2239 mea
836 2186 944 2238 miseria
956 2184 1092 2253 deprecor
1099 2183 1116 2251 ;'

305 2291 443 2359 Significat
461 2290 541 2359 abigo
559 2298 588 2344 et
606 2292 721 2345 amolior
737 2291 783 2343 uel
801 2306 884 2359 prece
902 2288 1022 2343 adhibita
1040 2289 1085 2342 uel
1103 2304 1160 2358 quo
1178 2288 1232 2343 alio
1251 2287 1344 2343 modo.
1381 2288 1463 2343 item

305 2363 410 2416 Ennius
422 2364 450 2416 in
464 2363 636 2431 Cresphonte

446 2472 455 2501 ‘
467 2470 528 2538 Ego
540 2486 619 2524 meae
630 2486 694 2524 cum
706 2470 780 2523 uitae
793 2484 912 2537 parcam,
925 2469 1011 2522 letum
1023 2468 1134 2523 inimico
1147 2467 1280 2537 deprecer
1288 2466 1311 2521 l'

305 2575 406 2628 Cicero
427 2574 455 2625 in
476 2573 546 2626 libro
566 2580 646 2627 sexto
665 2573 700 2626 de
722 2572 873 2641 Republica
894 2572 931 2625 ita
950 2572 1072 2639 scripsit:
1095 2572 1103 2601 ‘
1113 2570 1197 2640 Qrod
1217 2570 1328 2638 quidem
1350 2586 1386 2623 eo
1404 2570 1463 2626 fuit

304 2646 412 2698 ‘maius
431 2645 495 2712 quia
514 2661 578 2697 cum
597 2661 678 2698 causa
698 2645 756 2711 pari
777 2644 897 2711 collegae
916 2650 1014 2708 essent,
1028 2659 1083 2696 non
1102 2642 1185 2695 modo
1203 2641 1303 2695 inuidia
1322 2642 1380 2708 pari
1399 2659 1461 2697 non

304 2717 313 2745 ‘
326 2722 412 2782 erant,
425 2715 473 2767 sed
488 2715 571 2767 etiam
584 2715 680 2769 Claudi
696 2715 826 2768 inuidiam
840 2714 958 2767 Gracchi
971 2714 1069 2767 caritas
1084 2712 1283 2781 deprecabatur
1292 2714 1307 2777 ;’
1328 2712 1372 2765 hic
1384 2730 1461 2781 quo-

325 2802 360 2838 ue
385 2786 452 2839 item
475 2801 531 2838 non
556 2793 597 2837 est
621 2786 701 2839 ualde
723 2784 888 2853 precabatur
908 2784 956 2837 sed
978 2784 1053 2852 quasi
1078 2783 1251 2852 propulsabat
1274 2783 1404 2837 inuidiam
1429 2794 1461 2838 et

305 2802 465 2909 aeiensabat
489 2856 627 2922 inuidiam,
652 2856 727 2925 quod
752 2858 852 2910 Graeci
876 2856 1029 2925 propinqua
1053 2856 1247 2922 significatione
1273 2856 1460 2922 παραιτεῖσθαι

304 2927 410 2981 dicunt.
447 2928 519 2980 item
537 2942 589 2995 pro
605 2928 676 2980 Aulo
693 2928 813 2981 Caecina
834 2928 1012 2980 consimiliter
1031 2926 1118 2979 uerbo
1140 2927 1192 2979 isto
1213 2925 1308 2978 utitur.
1344 2926 1459 2994 ‘Quid'

305 2998 394 3066 inquit
415 2998 499 3051 ‘huic
522 2997 627 3051 homini
650 2998 753 3052 iacias?
786 3014 878 3052 nonne
902 2997 1038 3051 concedas
1062 2996 1200 3050 interdum
1223 3004 1253 3049 ut
1278 2998 1459 3051 excusatione

305 3071 448 3123 ‘summae
472 3068 603 3122 stultitiae
626 3086 750 3123 summae
773 3068 955 3137 improbitatis
979 3068 1072 3121 odium
1097 3068 1293 3135 depreceturi'
1333 3068 1404 3120 ltem
1429 3070 1458 3122 in

304 3140 423 3194 Verrem
443 3140 558 3194 actionis
578 3141 715 3194 secundae
735 3141 842 3209 primo:
868 3140 966 3193 ‘Nunc
988 3155 1057 3193 uem
1077 3139 1143 3207 quid
1164 3138 1246 3192 faciat
1268 3139 1459 3193 Hortensius?

306 3213 493 3266 ‘auaritiaene
510 3212 624 3266 crimina
640 3212 800 3279 frugalitatis
816 3212 940 3265 laudibus
956 3211 1137 3279 deprecetur?
1168 3212 1206 3262 At
1222 3210 1362 3262 hominem
1380 3210 1459 3277 flagi-

304 3284 501 3337 ‘tiosissimum
513 3282 760 3337 libidinosissimum
773 3284 1022 3352 nequissimumque
1035 3280 1175 3333 defendit?
1209 3281 1252 3333 Sic
1265 3281 1348 3347 igitur
1361 3282 1458 3335 Catul-

307 3354 348 3409 lus
366 3358 463 3410 eadem
483 3371 513 3408 se
532 3354 624 3408 facere
641 3354 709 3408 dicit
729 3370 800 3423 quae
820 3352 957 3417 Lesbiam,
977 3352 1052 3421 quod
1071 3359 1100 3405 ct
1122 3352 1298 3405 malediceret
1319 3350 1345 3404 ei
1367 3354 1459 3420 palam

304 3434 503 3551 gespueretque
520 3432 550 3480 et
568 3432 708 3482 recusaret
723 3426 962 3493 detestareturque
980 3423 1086 3478 assidue
1105 3430 1134 3475 et
1153 3430 1246 3476 tamma
1265 3438 1327 3475 eam
1346 3424 1459 3491 penitus

325 3500 453 3568 eperiret.

833 3692 928 3746 XCII.

342 3787 407 3839 Huic
419 3784 529 3838 carmini
540 3784 631 3836 codices
645 3780 858 3836 ABGIILa¹La²
869 3780 970 3834 titulum
982 3780 1130 3849 progignat
1150 3780 1178 3830 ln
1195 3776 1254 3849 (Ad
1267 3776 1311 3847 H)
1324 3782 1452 3832 cesarem

305 3877 338 3943 ex
358 3856 409 3908 Ioco
428 3874 473 3907 suo
490 3864 551 3908 anie
570 3872 593 3937 c:
611 3855 709 3907 XCIII
725 3866 775 3923 per
794 3872 905 3906 errorem
926 3852 974 3903 buc
995 3851 1161 3934 translatum.
1199 3849 1248 3935 'Ad
1270 3850 1400 3934 LesbIam
1421 3852 1457 3903 de

306 3940 619 4064 inlisafficoIIrquIrIpliastiaIIrr
636 3926 809 4050 {Tnorefftzed
826 3925 920 4048 omr'slIZ
938 3922 1087 4064 elsatesffim}
1103 3923 1457 4047 litfpgrqqcaqusssqsie:

306 4071 341 4139 (s.
360 4070 389 4123 C.
402 4069 445 4122 CI.
458 4069 516 4122 CII.

346 4176 370 4211 1.
405 4154 505 4209 Lesbia
517 4153 616 4224 (Esbia
627 4152 665 4223 O)
677 4154 715 4206 mi
728 4152 809 4223 (mihi
821 4150 860 4221 B)
873 4153 951 4218 codd„
964 4151 1038 4205 Gellii
1053 4152 1129 4204 codex
1141 4153 1284 4217 Parisinus,
1297 4153 1456 4207 Lr'ncolnien-

305 4232 351 4296 sis,
373 4230 443 4281 Mus.
463 4228 532 4280 Brit.
553 4235 680 4295 quattuor,
704 4224 832 4277 Lesbiam
854 4225 924 4276 Mus.
944 4223 1012 4276 Brit.
1035 4224 1125 4275 codices
1149 4223 1197 4276 duo
1219 4222 1302 4291 Gellii,
1327 4223 1456 4277 Lesulam

307 4301 490 4355 (ἕαιιοηὶιὶαπω
505 4312 555 4363 307
653 4295 752 4348 Lesbia
764 4295 918 4348 Glarkianus
931 4296 1171 4361 XX.,Mus.13rir.
1185 4313 1246 4347 unus
1348 4310 1458 4363 semper

306 4373 378 4425 male
396 4369 502 4422 dicitV
597 4367 668 4421 mala
680 4367 744 4419 HBc
756 4366 950 4435 mamlius.
1024 4366 1135 4433 inquam
1149 4367 1177 4418 Α
1182 4366 1261 4434 an
1357 4366 1456 4419 deme

307 4442 436 4511 anuam
449 4440 524 4494 Gellii
535 4440 611 4492 codex
622 4439 766 4504 Parisinus,
778 4437 866 4491 Clark.
879 4438 955 4503 XX,
968 4438 1037 4489 Brit.
1049 4438 1119 4489 Mus.
1131 4437 1188 4489 duo.
