3142 5059
456 1203 916 1301 PRAEFATIO.
975 1294 979 1300 .

60 1631 75 1647 ”
114 1616 333 1709 OCTAVVS
364 1645 411 1705 hic
443 1664 537 1705 atinus
565 1646 658 1721 agitur
684 1664 722 1705 ex
749 1663 810 1721 quo
837 1643 942 1704 Catulli
965 1643 1077 1703 edendi
1103 1643 1256 1704 consilium

110 1762 239 1839 suscepi.
283 1762 341 1822 Sed
362 1762 487 1839 primum
508 1762 750 1823 commentarium
771 1762 896 1823 scribere
916 1762 948 1820 in
969 1760 1067 1820 animo
1089 1760 1159 1834 suit3
1181 1778 1255 1821 mox

110 1895 182 1937 cum
203 1878 368 1954 conparatis
389 1896 456 1937 curn
477 1876 659 1937 Lachmanni
679 1877 806 1936 editione
826 1877 976 1937 codicibus
996 1893 1072 1953 quos
1093 1876 1125 1933 in
1144 1874 1254 1935 Biblio-

109 1992 198 2051 theca
219 1991 384 2051 'Bodleiano
410 2003 440 2053 et
465 1994 496 2051 in
520 1992 626 2053 Museo
650 1992 817 2051 Britannico
844 1993 967 2069 repperi,
994 1991 1191 2067 intellegerem
1218 2008 1255 2051 ea

11 2142 12 2145 κ
108 2128 188 2187 qnae
209 2108 417 2169 Lachmarmus
438 2127 493 2171 suo
513 2128 594 2169 more
614 2110 730 2169 breuius
750 2110 953 2187 praecepisset,
973 2110 1073 2167 codices
1092 2126 1181 2167 omnes
1200 2126 1254 2166 non

107 2225 286 2301 intentatos
306 2244 367 2283 cum
387 2226 523 2284 alterutro
541 2244 633 2284 eorum
653 2244 718 2301 quor
740 2228 796 2300 epse
816 2225 959 2284 exhiberet
979 2224 1076 2300 ubique
1097 2226 1254 2296 coneneie,

108 2359 174 2400 non
195 2340 273 2399 adeo
292 2357 363 2399 uera
383 2357 448 2399 esse
468 2349 500 2399 ut
519 2338 589 2398 nihil
609 2340 679 2400 noui
701 2350 801 2417 posset
820 2339 943 2412 adierri;
967 2349 1116 2416 praeterea
1138 2358 1158 2400 a
1181 2358 1254 2400 uero
1291 2325 1296 2334 ’

108 2456 271 2515 abhorrere
291 2456 464 2532 paginarum
486 2456 716 2516 numerationem
739 2456 896 2533 archetypi,
917 2456 1002 2532 quale
1026 2457 1123 2515 abeo
1145 2457 1253 2516 consti-

108 2582 206 2633 tutum
235 2580 319 2644 esset,
344 2572 424 2648 quod
447 2572 527 2633 idem
553 2582 621 2633 ante
648 2592 696 2631 me
720 2574 879 2633 sensissent
903 2572 1031 2651 Heysius
1053 2573 1253 2633 Rossbachius

108 2688 272 2749 Boehrnius
296 2687 361 2761 alii;
390 2688 499 2749 collatis
525 2689 611 2747 etiam
638 2689 763 2748 externis
791 2688 942 2748 codicibus
964 2686 1067 2747 Camlli
1088 2688 1193 2748 librum
1214 2688 1253 2748 de

109 2822 191 2865 nouo
216 2821 427 2881 recognoscere
449 2805 542 2863 statui.
583 2804 717 2863 Accessit
738 2821 800 2862 non
821 2804 917 2863 minor
938 2802 1070 2861 stimulus
1089 2802 1171 2880 quod
1191 2804 1251 2864 duo

109 2919 172 2989 uiri,
197 2920 250 2995 qui
274 2918 304 2979 in
328 2920 492 2995 corrigendi
515 2928 577 2979 arte
604 2936 751 2979 summum
779 2919 853 2977 inter
876 2926 993 2977 nostros
1016 2918 1115 2976 locum
1142 2928 1252 2991 tenent,
1345 2964 1348 2971 .

108 3032 240 3093 Ioannes
262 3032 433 3111 Conington
455 3044 484 3094 et
506 3034 599 3111 Hugo
617 3033 653 3092 Α.
667 3033 692 3092 I.
714 3033 833 3104 Mutuo,
856 3050 924 3091 suas
948 3034 1007 3090 iam
1029 3050 1147 3092 mecum
1167 3049 1252 3091 com·

110 3148 294 3207 municarent
314 3148 345 3207 in
366 3146 511 3207 Catullum
531 3148 760 3208 emendationes.
801 3147 904 3223 Itaque
923 3163 1002 3205 anno
1019 3148 1098 3205 1862
1119 3146 1252 3206 codicem

112 3259 397 3338 sangermanensem
419 3262 543 3334 Parisiis,
566 3263 737 3339 insequente
759 3260 890 3320 Venetiis
914 3259 1076 3320 Mediolani
1100 3260 1252 3321 Vicentiae

110 3376 266 3438 Bononiae
292 3378 455 3439 Florentiae
482 3380 573 3441 Italos
600 3398 652 3440 sex
680 3380 808 3453 contuli;
837 3379 941 3457 quibus
966 3379 1101 3439 subsidiis
1128 3380 1251 3454 adiutus,

111 3511 180 3553 mox
199 3504 229 3553 et
242 3493 388 3554 Vaticano
407 3506 436 3556 et
455 3495 632 3568 Colbertino,
647 3515 772 3575 quorum
793 3495 914 3554 alterum
933 3494 1094 3554 Fridericus
1109 3494 1251 3573 Vmpien-

111 3608 239 3681 bachius,
253 3608 332 3669 hunc
352 3609 490 3671 Claudius
509 3610 644 3671 Cobham
663 3612 882 3689 diligentissime
900 3628 955 3687 pro
975 3628 1024 3669 me
1045 3621 1250 3683 excusserant3

111 3736 214 3801 postea
241 3736 339 3786 autem
366 3727 423 3786 alio
448 3746 537 3805 quem
564 3728 594 3787 in
619 3731 710 3789 domo
734 3747 788 3788 sua
811 3727 945 3787 Thomas
968 3725 1118 3804 Phillipps,
1134 3729 1251 3804 inspici-

10 3878 13 3893 ι
111 3842 219 3901 endum
242 3842 315 3901 mihi
336 3844 484 3920 praebuit3
506 3854 568 3903 tum
589 3844 741 3904 Thuauaei
763 3844 921 3921 specimine
942 3842 1023 3920 quod
1042 3843 1251 3903 humanissime

112 3974 227 4033 prome
243 3960 395 4036 descripsit
409 3958 571 4019 Gulielmus
582 3958 619 4019 G.
631 3958 796 4019 Marlrheirn
803 3979 812 4033 ς
831 3960 936 4019 deinde
947 3958 1077 4019 Gualteri
1092 3959 1121 4018 S.
1133 3960 1252 4020 Landor

113 4073 375 4145 emendationibus,
398 4092 520 4151 quarum
541 4084 653 4151 partem
674 4076 737 4151 ipse
759 4076 896 4146 ediderat,
913 4084 1026 4151 partem
1048 4074 1154 4134 adme
1175 4076 1252 4135 misit

115 4188 224 4248 amicus
255 4188 319 4247 eius
350 4186 497 4247 Robertus
524 4186 689 4266 Browning,
720 4200 809 4268 poeta
840 4189 1067 4257 illustrissimus;
1102 4196 1251 4263 postremo

112 4302 216 4363 Eduini
236 4302 352 4363 Palmer
371 4302 560 4376 Balliolensis,
581 4315 610 4363 et
630 4305 732 4365 Iacobi
752 4304 864 4365 Mowat
878 4302 1130 4379 'Cantabrigiensis
1151 4303 1252 4361 obser-

113 4420 276 4479 uationibus
298 4428 327 4478 et
348 4420 540 4493 coniecturis;
566 4421 634 4481 satis
655 4440 673 4480 a
692 4440 740 4479 me
761 4420 870 4480 sactum
890 4418 990 4497 putaui
1010 4426 1043 4476 ut
1063 4415 1168 4475 librum
1189 4416 1251 4475 sine
