3142 5059
291 383 379 441 xxxvi
683 380 1048 443 PROLEGOMENA.

291 562 321 619 in
336 562 416 621 calce
430 563 570 639 seriptum
587 572 631 621 est
645 560 741 620 Fr'm'to
757 562 832 619 libro
852 564 1008 640 referamus
1022 562 1128 637 gracia
1144 558 1266 619 Christo.
1309 557 1441 616 Plerum-

292 678 349 735 que
371 661 443 717 mire
464 660 610 717 consentit
627 678 695 718 cum
714 659 968 734 Sangermanensi‚
983 678 1009 715 e.
1020 677 1049 733 g.
1063 656 1160 715 Leltus
1174 665 1208 713 a!
1218 656 1271 714 XI.
1288 674 1316 729 3,
1339 654 1442 712 Verum

292 758 373 813 esaias
389 757 488 830 populi
499 756 622 814 LXVII.
638 775 683 827 12,
704 758 735 813 in
754 768 877 833 utroque
896 757 1008 831 legitur,
1021 757 1073 814 ubi
1089 754 1177 813 ceteri
1193 755 1312 813 codices
1330 752 1442 809 habent

291 856 377 913 Lr'tur
399 856 454 926 ubi,
477 855 576 913 Verum
601 858 652 913 isti
672 857 719 915 uel
745 859 814 915 ulei.
857 856 957 914 Habet
980 857 1053 915 haec
1078 856 1133 914 sibi
1156 854 1281 929 propria.
1323 852 1442 911 Omittit

292 952 404 1010 XXVI.
422 973 448 1024 a,
476 954 584 1011 LXIV.
606 972 674 1027 330,
701 958 851 1028 379-382,
876 953 984 1011 LXVI.
1005 972 1039 1011 ar
1066 952 1248 1028 amariter
1274 957 1366 1007 lenem
1393 951 1446 1005 cui

287 1052 406 1125 perideus
418 1052 507 1109 seiula
521 1051 588 1122 beta,
603 1049 742 1109 LXVIII.
763 1055 798 1108 16
813 1050 964 1109 [eundum
983 1069 1044 1108 eum
1060 1058 1135 1107 aetas
1146 1049 1256 1124 florida
1273 1067 1324 1104 uer
1336 1052 1442 1122 ageret,

292 1149 342 1223 qui
357 1148 417 1205 duo
431 1166 533 1207 uersus
547 1148 578 1205 in
592 1148 695 1206 ceteris
714 1149 865 1207 codicibus
882 1148 928 1207 bis
947 1148 1090 1223 legrmtur,
1105 1148 1183 1222 prior
1201 1148 1231 1204 in
1250 1145 1318 1203 loco
1337 1161 1392 1201 suo
1411 1152 1443 1201 et

292 1256 360 1321 post
374 1245 483 1302 LXIV.
500 1248 568 1320 386,
590 1247 662 1303 alter
682 1247 713 1303 in
733 1246 802 1304 loco
823 1263 878 1304 suo
900 1256 929 1303 et
949 1255 1017 1320 post
1037 1244 1178 1302 LXVIII.
1195 1264 1243 1318 49,
1262 1244 1293 1299 in
1309 1240 1443 1299 Osemel

292 1352 407 1400 tantum
431 1353 460 1401 et
484 1344 514 1400 in
539 1343 608 1401 sede
631 1362 721 1419 quam
744 1344 803 1401 dixi
828 1344 929 1401 aliena.
972 1342 1072 1401 Habet
1095 1360 1197 1400 uersus
1220 1358 1281 1414 3‚4
1303 1339 1443 1397 carminis

293 1438 381 1497 XCII
409 1438 468 1509 Qua
494 1443 597 1515 signo?
630 1443 696 1515 queit
719 1448 788 1498 runt
811 1442 916 1498 tolidem
943 1459 1010 1498 ntea.
1038 1438 1178 1514 Deprecor
1205 1439 1284 1496 illari
1309 1435 1442 1505 Asseiiue,

293 1556 389 1593 uerum
410 1538 561 1611 dispeream
582 1540 641 1595 ne'se'
658 1557 727 1610 ama,
742 1538 792 1614 qui
812 1540 919 1597 absunt
936 1538 1024 1595 etiarn
1042 1556 1060 1595 a
1076 1535 1113 1607 G,
1128 1536 1320 1595 Lachmanno
1340 1544 1442 1591 autem

294 1636 332 1691 ab
360 1632 440 1693 Italis
467 1653 503 1692 ex
532 1633 628 1693 Gellio
653 1634 704 1713 (N.
722 1637 758 1693 A.
778 1636 832 1693 VI.
850 1635 900 1709 16)
927 1636 958 1692 in
986 1634 1133 1693 Catullum
1159 1634 1269 1693 Inducti
1295 1632 1440 1690 uidentur.

294 1730 391 1788 Prima
405 1732 511 1807 pagina
524 1732 683 1807 praefixam
698 1732 785 1791 habet
799 1732 875 1790 hanc
894 1743 996 1791 notam
1013 1736 1042 1795 V
1057 1733 1189 1789 uersibus
1202 1731 1226 1788 I.
1242 1732 1260 1787 8
1277 1727 1372 1799 Quare
1389 1728 1447 1785 tibi

294 1828 362 1885 habe
375 1830 506 1904 quicquid
515 1829 564 1886 loc
577 1829 669 1901 loelli,
687 1829 725 1887 II.
740 1843 755 1904 7
771 1829 816 1887 Ee
826 1830 982 1887 solaciolum
995 1830 1165 1898 sur'dotorzt,
1188 1846 1220 1886 11
1238 1826 1308 1883 Tam
1320 1832 1442 1900 gratian

293 1932 334 1983 est
352 1926 425 1983 milii
441 1944 523 2000 quam
532 1926 640 2002 suunt
653 1927 748 2000 puelle,
771 1926 827 1984 III.
843 1945 855 1983 1
872 1928 958 2003 lugete
976 1946 991 1983 a
1009 1944 1119 1983 ueneres
1136 1926 1329 1999 capulumque,
1348 1941 1383 1997 13
1398 1922 1425 1979 A
1430 1930 1445 1979 t

294 2022 371 2080 uobr's
385 2023 455 2079 male
470 2025 510 2079 sit
526 2023 597 2080 male
614 2023 717 2080 tenebre
725 2043 740 2091 ,·
761 2036 912 2099 praeterea
932 2024 1047 2082 notulas
1068 2022 1211 2098 quasdam
1231 2022 1270 2079 ad
1283 2021 1337 2092 I.4
1352 2018 1442 2077 Intel-

293 2120 352 2195 le'go
370 2120 402 2176 de
419 2121 535 2195 ue'rgilio
553 2128 579 2179 el
589 2130 643 2194 per
662 2127 718 2178 tres
736 2128 831 2178 cartas
847 2121 968 2195 intellego
985 2127 1042 2178 tres
1061 2122 1118 2177 eries
1138 2119 1225 2177 libros
1243 2118 1272 2194 ἢ
1290 2117 1442 2175 taurea.

298 2216 435 2293 Georgica
450 2218 476 2275 d
490 2216 614 2293 Euareia,
629 2217 656 2275 I.
670 2238 687 2293 9
703 2217 832 2294 Intelle'go
850 2220 881 2274 de
891 2219 995 2292 palade
1012 2219 1057 2274 uel
1072 2218 1104 2273 de
1122 2234 1202 2274 metra
1216 2224 1229 2273 ῑ
1237 2216 1326 2290 guali
1337 2213 1442 2291 (gene-

294 2312 358 2393 rali)
372 2334 440 2391 quae
451 2316 501 2372 de'u
509 2322 654 2390 permonet
664 2336 710 2373 ceu
724 2317 872 2385 {mortalia
887 2315 926 2373 Il.
940 2336 952 2373 1
972 2314 1107 2389 Completo
1119 2314 1262 2391 prolemia
1277 2323 1342 2387 opus
1358 2332 1442 2370 marm

295 2414 406 2471 tiuhoal
416 2414 490 2488 quod
500 2416 582 2471 uarro
596 2420 744 2472 metrorum
753 2434 854 2489 genere
861 2416 1038 2489 prosequitur
1047 2416 1165 2470 materia
1178 2410 1340 2487 larnensere
1352 2412 1442 2467 omnes

295 2516 336 2567 ert
356 2514 456 2567 camela
480 2516 512 2567 ut
533 2511 654 2587 r'nfere'rer
677 2512 887 2569 dernenslratur.
929 2510 1050 2569 Viderat
1074 2511 1152 2568 hunc
1175 2509 1308 2568 codicem
1329 2508 1443 2567 amicus

296 2606 436 2676 SanteniI‚
451 2625 576 2682 eumque
590 2626 644 2683 pro
661 2607 800 2667 Sentenio
814 2618 988 2668 excusserat
1029 2607 1127 2666 Etiam
1143 2625 1223 2666 nunc
1237 2617 1392 2682 supersunt
1410 2608 1443 2665 in

296 2704 400 2762 codice
418 2716 522 2775 cartae,
540 2706 644 2780 quibus
664 2705 737 2764 haec
758 2716 887 2777 testatur,
904 2707 1042 2783 additque
1064 2724 1096 2764 se
1118 2706 1156 2764 ad
1179 2704 1349 2763 Sentenium
1370 2704 1444 2762 nihil

296 2802 418 2859 mIsisse.
461 2802 551 2861 Hunc
569 2803 703 2861 codicem
722 2814 772 2861 aut
791 2805 1024 2879 antiquissimum
1040 2804 1135 2863 habeo
1149 2803 1282 2861 omnium
1296 2803 1346 2879 qui
1360 2822 1442 2863 nunc

297 2910 452 2974 supersunt
467 2910 516 2957 aut
529 2918 590 2959 uno
605 2899 798 2959 Germanensi
810 2901 985 2960 inferiorem.

340 3042 366 3095 4.
388 3023 428 3083 D.
441 3024 583 3095 Datanus,
595 3024 688 3103 (Diez.
699 3026 732 3084 B.
744 3027 823 3084 Sant.
835 3026 887 3103 37)
899 3026 968 3084 olim
980 3025 1078 3085 Caroli
1089 3026 1165 3096 Dati‚
1180 3043 1251 3084 mox
1265 3023 1304 3082 N.
1316 3024 1443 3097 HeinsiI‚

298 3130 448 3197 postremo
471 3121 608 3192 Santenii,
624 3125 705 3182 cuius
725 3142 794 3183 cum
815 3132 955 3200 apparatu
973 3124 1085 3199 reliquo
1102 3122 1266 3181 Catulliano
1283 3132 1444 3198 postquam

298 3236 377 3277 anno
402 3223 478 3278 1800
501 3220 541 3277 H.
554 3220 585 3279 F.
601 3219 693 3279 Diezii
714 3222 808 3280 lactus
830 3234 882 3292 est,
904 3223 978 3279 inter
1002 3240 1076 3297 opes
1100 3221 1255 3279 Diezianas
1278 3221 1309 3278 in
1332 3219 1444 3278 Biblio-

297 3316 412 3375 thecam
428 3315 553 3393 Regiam
567 3317 788 3377 Berolinensern
802 3316 956 3394 peruenit¹.
999 3318 1074 3376 ‘Est
1088 3329 1236 3376 cartaceus
1250 3318 1345 3376 forma
1358 3327 1444 3374 octo-

298 3416 409 3473 ‘naria
454 3412 592 3473 Continet
616 3414 684 3473 folia
707 3414 804 3485 LXII,
828 3432 953 3490 quorum
977 3433 1044 3490 pars
1071 3416 1159 3489 longe
1187 3416 1316 3472 mamma
1338 3432 1443 3473 uersus

297 3512 440 3571 ‘uicenos
468 3512 598 3588 singulos
626 3512 721 3571 habet.
764 3510 880 3570 Catullo
908 3513 1074 3588 praeposita
1101 3522 1145 3570 est
1172 3512 1202 3569 in
1230 3511 1305 3569 soliis
1329 3510 1445 3569 I-vlr

297 3612 305 3637 ‘
321 3606 419 3667 Ouidii
433 3601 508 3684 quae
523 3609 612 3668 fertur
624 3609 757 3685 Epistula
771 3608 908 3686 Sapphus
922 3608 1044 3687 (heroid.
1057 3606 1126 3684 XV)
1141 3610 1172 3666 iu
1186 3607 1256 3666 folio
1270 3607 1357 3666 LXII
1372 3609 1444 3668 nihil

298 3706 460 3781 ‘scriptum
476 3716 589 3781 praeter
602 3707 736 3765 ultimum
755 3708 818 3765 libri
833 3706 987 3765 Catulliani
1005 3725 1124 3764 uersum
1142 3717 1170 3765 et
1189 3706 1443 3780 subscriptionem,

298 3802 400 3859 ‘unde
420 3802 560 3860 datanum
581 3821 660 3861 anno
678 3808 754 3879 1463
777 3815 928 3862 exaratum
949 3822 1013 3861 esse
1034 3804 1151 3874 scimus,
1173 3804 1331 3878 imaginem
1352 3803 1444 3879 scrip-

298 3902 306 3928 ‘
321 3908 401 3955 turae
419 3896 593 3975 lithographi
613 3910 672 3957 arte
691 3918 861 3976 expressam
875 3900 941 3978 (sed
955 3918 1014 3975 qua
1027 3911 1112 3958 caute
1125 3901 1267 3958 utendum
1281 3895 1338 3975 est)
1352 3898 1445 3958 edidit

299 3994 358 4054 ‘G.
374 3995 557 4055 Froehnerus
578 3998 675 4073 philol.
694 3998 795 4055 XIIII.
812 4000 880 4073 569.
902 3999 1000 4057 datani
1020 4017 1126 4057 manus
1147 4000 1241 4074 prima
1260 3997 1331 4074 quid
1352 3997 1444 4073 scrip-

298 4094 389 4154 ‘serit
408 4094 523 4170 saepius
537 4095 702 4153 difficillime
723 4096 859 4171 dignosci
877 4106 983 4173 potest,
997 4115 1066 4155 cum
1084 4107 1263 4155 correctores
1281 4106 1340 4153 tres
1358 4096 1444 4152 iniui-

298 4202 305 4227 ‘
321 4212 403 4253 mum
414 4194 537 4265 luerunt,
552 4195 604 4253 sed
621 4196 728 4270 ubique
746 4196 866 4271 singulis
880 4214 934 4255 sua
947 4198 1072 4254 tribuere
1086 4214 1141 4254 nec
1155 4197 1221 4254 licet
1235 4214 1290 4254 nec
1306 4194 1444 4272 prodest:

300 4300 306 4323 ‘
322 4293 412 4351 multa
427 4293 574 4352 eradendo
586 4292 727 4351 mutando
742 4293 983 4368 superscribendo
994 4294 1144 4369 pristinam
1155 4295 1326 4369 scripturam
1337 4292 1444 4350 mirum

754 4440 762 4469 ¹
779 4442 909 4489 Schn'abius
927 4458 949 4503 p.
961 4458 984 4489 x.
