3142 5059
587 395 811 456 EXCVRSVS.
1211 399 1268 454 341

128 578 309 652 restituerim
352 576 430 638 Nam
454 597 510 640 nec
535 580 564 638 in
588 579 832 640 Mommsenianis
855 578 1091 656 inscriptionibus
1118 581 1214 657 neque
1240 580 1271 638 in

128 677 285 738 Orellianis
313 677 429 750 inueni;
458 678 550 738 semel
577 689 690 738 tanturn
718 679 749 737 in
776 677 955 736 Gruterianis
986 695 1072 754 1099.
1093 679 1121 736 6.
1162 676 1273 737 Contra

137 775 249 834 Voarus
263 777 409 852 geminata
422 794 441 835 a
452 776 498 836 bis
512 775 629 836 exhibet
643 774 678 836 C.
687 776 711 835 1.
721 775 755 835 L.
771 775 891 850 I.1052,
903 776 978 834 1166
994 776 1075 835 cuius
1089 775 1192 834 similia
1205 785 1273 835 sunt

136 873 226 932 Vaalo
239 872 340 932 Feels'x
356 893 429 932 uara
446 872 596 934 Calaasr'us
605 874 727 951 saonem
740 871 882 932 Moam'us
895 871 1049 932 Maorcius
1067 880 1153 933 nacla
1166 874 1272 933 Paacs‘-

127 969 185 1027 lr'us
198 969 312 1045 Poaps'o
319 977 463 1044 paaslares
478 968 604 1029 Sloatius
626 971 756 1030 Vaarr'us.
797 969 883 1042 Quae
897 988 965 1029 curn
978 987 997 1028 a
1010 971 1158 1046 geminent
1170 980 1273 1046 utpote

127 1068 304 1147 productam
318 1069 396 1128 idem
410 1069 497 1129 eredo
514 1072 601 1130 etiam
619 1071 650 1129 in
672 1071 776 1129 Varum
791 1070 903 1140 cadere,
917 1088 986 1128 narn
1002 1089 1057 1129 nec
1079 1070 1159 1129 Valla
1172 1069 1272 1128 Fellric

116 1167 230 1244 saltum
243 1167 385 1226 Mummius
406 1169 525 1228 Vorreies
540 1167 693 1228 Romanos
706 1187 761 1228 nec
775 1187 847 1228 uero
868 1167 990 1227 Varrum
1005 1168 1120 1227 dixisse.
1158 1167 1272 1226 Eadem

128 1267 189 1326 sere
213 1267 393 1326 Weichertus
421 1267 458 1326 de
482 1267 515 1327 L.
530 1268 620 1328 Vario
640 1287 669 1345 p.
692 1288 710 1340 4
739 1273 821 1327 ‘non
848 1268 970 1328 dubium
998 1277 1043 1326 est
1068 1267 1140 1344 quin
1161 1267 1272 1326 Varrus

128 1364 314 1424 ‘inauditum
338 1365 481 1425 Romanis
506 1385 615 1426 nomen
639 1366 709 1426 solis
733 1366 855 1426 librariis
883 1383 1044 1443 eorumque
1071 1365 1271 1442 neglegentiae

128 1459 326 1521 ‘debeanrr¹.'

171 1625 266 1708 Multo
281 1627 408 1688 crebrius
421 1627 495 1688 inter
516 1628 608 1687 Varus
629 1629 730 1688 Varzirs
744 1628 885 1689 fluctuant
899 1630 1026 1690 codices.

77 1768 338 1846 Verg.Ecl.V1.12
364 1768 453 1841 Quam
462 1769 595 1846 se'br'quae
604 1769 686 1830 Vari
693 1771 879 1848 praescripsit
883 1773 993 1848 pagina
1002 1789 1097 1830 nonum
1107 1771 1215 1851 (Varii
1228 1770 1271 1847 Ρ)

78 1869 156 1928 Hor.
171 1869 201 1928 S.
220 1867 244 1926 Ι.
260 1881 286 1942 5.
303 1885 342 1939 40
361 1867 473 1927 Plalrirs
486 1875 513 1926 et
522 1867 647 1929 Varius
666 1867 815 1928 Sinuessae
834 1869 1021 1946 Vergiliusque

304 1984 343 2042 93
363 1965 509 2025 Flentibus
521 1966 568 2025 hic
579 1967 705 2026 Varius
719 1967 832 2026 discedit
842 1973 958 2026 marshes
970 1968 1068 2026 omum

260 2065 288 2123 6.
304 2077 342 2138 55
367 2062 491 2140 Optrms
504 2065 567 2122 olm
589 2065 733 2142 Vergilius,
742 2065 858 2142 posthac
871 2065 997 2125 Varius

260 2180 288 2237 9.
305 2180 341 2238 ag
363 2161 401 2222 Sr'
412 2163 473 2220 bene
484 2169 509 2220 te
522 2163 591 2220 naui
601 2181 654 2220 nom
676 2163 783 2222 Viscum
790 2163 888 2240 pluris
901 2164 1027 2234 amicum,

363 2259 432 2320 Nom
444 2260 586 2321 Varium
594 2261 700 2339 sacres.

241 2376 286 2418 ro.
302 2377 341 2431 44
350 2358 435 2435 forle
446 2369 505 2436 epos
518 2378 582 2418 acer
603 2360 638 2418 Vr
649 2378 723 2418 nmmo
735 2359 862 2419 Varius
876 2359 955 2417 ducr'l

95 2453 171 2532 Epp.
186 2454 227 2516 II.
241 2475 266 2517 1.
283 2472 339 2532 247
361 2455 469 2516 Delecti
478 2458 532 2518 tibi
549 2457 686 2535 Vergilius
700 2458 897 2535 Variusque
908 2465 1002 2534 poetae

205 2554 242 2613 A.
256 2555 288 2615 P.
304 2571 342 2630 55
372 2557 492 2633 Vergr'lrb
505 2556 682 2634 Varioque

80 2681 137 2742 His
152 2693 264 2761 septem
278 2684 350 2746 locis
364 2685 411 2745 alii
425 2686 541 2747 codices
555 2687 704 2760 Varium,
719 2687 766 2747 alii
779 2687 908 2748 Varum
922 2688 1031 2748 habent
1038 2708 1047 2762 ;
1068 2689 1099 2748 in
1114 2689 1173 2752 Sat.
1185 2689 1225 2750 11.
1235 2694 1262 2752 8.
1273 2710 1322 2764 21,

80 2785 119 2858 63
141 2783 284 2845 Varium
299 2784 451 2846 Ritteriani
464 2799 496 2846 ut
509 2787 630 2859 uidetur,
645 2805 758 2847 omnes.

120 2981 254 3044 Donatus
268 2983 299 3044 in
311 2983 380 3044 Vita
392 2983 503 3062 Vergili
514 2984 557 3064 (in
571 2983 694 3046 Scholiis
708 2985 905 3048 Bemensibus
919 2986 965 3046 ed.
977 2985 1095 3064 Hagen,
1109 3005 1159 3064 pp.
1170 2986 1324 3066 734-745)

84 3133 120 3172 ro
141 3115 287 3174 s'rues'tatum
300 3135 319 3174 a
332 3115 439 3175 Vario
455 3117 496 3176 ad
506 3118 713 3177 communrbnem
726 3119 776 3176 sui
879 3117 993 3177 Vareo
1014 3118 1108 3178 codex
1122 3118 1154 3175 P
1167 3117 1276 3194 Hagen

86 3231 120 3288 19
141 3213 273 3272 nemum
286 3214 436 3273 Pollionem
450 3215 656 3293 Alchenumque
669 3217 798 3276 Varum
880 3216 1008 3276 Varum
1029 3215 1114 3276 codd.
1129 3233 1234 3276 omnes

83 3324 119 3386 37
141 3329 179 3370 ex
192 3312 299 3388 reliqua
312 3312 346 3371 L.
357 3312 498 3373 Varium
511 3319 538 3372 el
548 3315 672 3376 Plotium
690 3313 808 3372 Tuccam
880 3313 1021 3373 Varium
1033 3313 1069 3384 G,
1078 3313 1255 3374 Valerium
1263 3315 1325 3376 BP

84 3414 120 3485 38
144 3407 233 3468 Tucca
248 3418 322 3470 ueto!
332 3411 526 3490 Variusque
544 3414 630 3472 semul
880 3412 992 3472 Varus
1013 3411 1045 3469 R
1060 3411 1298 3490 Reyfferscheidii

84 3527 120 3584 39
141 3508 324 3586 Egeralmem
337 3509 445 3569 Vario
462 3509 627 3572 utAeneida
641 3509 806 3570 comburere!
881 3509 974 3570 Varo
987 3509 1049 3568 BR

83 3627 121 3679 40
140 3607 240 3666 Erum
253 3608 358 3667 Vario
376 3609 508 3668 acsrmud
522 3607 626 3667 Tuccae
880 3607 986 3681 Vario
999 3607 1038 3680 B,
1058 3607 1199 3668 VaroR

83 3723 117 3777 41
140 3704 242 3764 Edriiit
252 3711 361 3764 auctare
373 3707 501 3783 Augusto
514 3706 640 3766 Varius
880 3707 992 3782 Variis
1003 3706 1043 3779 B,
1064 3706 1223 3768 VarusR

83 3823 118 3875 42
140 3803 280 3863 Varium
290 3805 407 3862 duorum
417 3805 551 3864 librarum
561 3805 683 3864 ordinem
693 3811 868 3864 commutasse
880 3804 1023 3880 Varium
1045 3805 1075 3880 V,
1096 3806 1225 3869 Varum
1237 3806 1272 3866 R

84 3903 120 3975 63
221 3904 381 3961 tmianur'rr's
393 3905 474 3980 agris
487 3904 641 3963 druriiendr's
654 3903 782 3964 Varum

139 3999 291 4059 Pollionem
305 4007 331 4058 e!
344 4000 504 4061 Cornelium
521 4001 637 4062 Gallum

85 4098 120 4155 68
141 4095 232 4156 Sexta
246 4095 379 4178 (Ecloga)
392 4105 609 4176 μιταμορφώσεις
621 4108 648 4160 el
658 4102 762 4161 damner

140 4195 252 4256 Varus
269 4197 315 4255 uel
326 4195 440 4256 Silenus

161 4381 168 4410 ¹
186 4383 271 4433 Nescio
283 4384 337 4447 quid
346 4385 466 4434 Victorino
478 4385 623 4435 tribuendum
636 4387 664 4436 sit
676 4388 708 4436 sic
719 4387 866 4449 praecipienti
880 4395 943 4450 2457
956 4387 981 4435 Ρ.
993 4387 1041 4435 Per
1052 4385 1273 4436 meramnum

134 4467 234 4516 erson
245 4469 424 4530 eunium.
