3142 5059
328 376 389 433 260
727 372 784 433 DE
811 373 1071 437 PARTlTlONE

324 552 468 615 suntin
492 573 583 631 9999.
634 556 738 633 ltaque
761 558 963 618 intercalarem
988 576 1106 619 uersum
1130 568 1176 617 ter
1202 560 1290 633 (342,
1320 576 1401 635 351,
1426 562 1494 635 365)

325 651 449 724 omittit3
469 663 595 729 quatuor
608 664 707 713 autem
719 672 823 715 uersas
837 666 939 717 censet
952 666 1020 733 post
1036 659 1095 731 36ο
1108 656 1239 732 periisse.
1271 656 1376 728 Quod
1392 678 1415 717 a
1428 676 1495 716 uero

323 749 480 810 abhorrere
499 769 589 811 nemo
607 754 715 829 estqui
735 771 797 814 non
817 752 948 815 latesnu.
991 754 1098 813 Melius
1115 754 1204 813 credo
1227 752 1387 814 factumn
1408 757 1496 816 luisse

1344 862 1399 887 pe.

324 897 350 957 si
364 907 481 957 seruato
494 898 607 975 reliquo
621 899 769 960 schemate
784 900 929 961 mesodon
945 902 986 961 sic
1001 902 1198 961 constituisset
1216 916 1322 976 55555
1347 908 1394 976 46
1412 926 1445 955 =
1462 922 1494 961 ιο

324 1005 356 1054 ut
375 996 510 1072 strophas
529 996 650 1057 haberet
666 998 795 1075 quinque
810 1000 974 1075 quinorum,
989 1000 1063 1060 duas
1082 1018 1156 1077 quae
1178 1000 1365 1059 coniunctae
1388 1004 1495 1061 decem
1541 986 1542 1031 1

325 1102 424 1151 essent
437 1110 584 1151 uersuum.

368 1189 508 1267 Superest
526 1199 558 1250 ut
576 1210 675 1249 meam
694 1192 757 1269 ipse
776 1192 950 1251 sententiam
964 1191 1118 1271 proferam.
1161 1192 1328 1253 Considera
1342 1214 1495 1255 numeros

326 1298 359 1345 ut
374 1288 403 1345 in
418 1288 569 1347 codicibus
583 1300 735 1348 seruantur

520 1462 588 1533 5⁶
623 1478 640 1531 4
704 1462 1147 1643 555t÷1²mi⁵⁸·5—4?
1212 1480 1270 1537 455

327 1690 432 1751 Statim
452 1692 596 1770 intelliges
616 1694 746 1754 medium
767 1694 867 1754 locum
887 1704 986 1754 tenere
1011 1694 1145 1773 strophas
1166 1697 1296 1773 quinque
1318 1698 1492 1772 quinorum
1541 1716 1542 1791 4

324 1808 480 1861 uersuum;
502 1810 539 1850 ex
560 1792 650 1851 altera
669 1803 752 1869 parte
773 1796 812 1865 64
832 1792 1044 1869 respondentes
1066 1794 1120 1852 sibi
1140 1792 1248 1853 habere
1266 1796 1305 1865 46
1321 1812 1360 1852 ex
1386 1797 1492 1855 altera
1541 1792 1542 1827 1

327 1886 431 1948 Restat
453 1898 486 1947 ut
501 1903 518 1963 5
535 1912 567 1943 =
583 1908 641 1965 433
658 1887 732 1969 (ιο).
783 1888 848 1949 Nec
872 1890 953 1951 deest
975 1910 1065 1951 causa
1087 1893 1301 1968 geminationis.
1345 1892 1438 1953 Nam
1462 1895 1492 1951 in

325 1986 472 2063 principio
486 1986 524 2047 de
538 1986 627 2046 Peleo
644 2006 706 2047 uno
726 2006 825 2048 senno
844 1998 905 2061 est;
928 1990 958 2047 in
975 1988 1033 2049 fine
1050 1990 1087 2049 de
1101 1988 1189 2048 Peleo
1209 2000 1238 2047 et
1252 1990 1397 2050 Thetide.
1446 1992 1491 2049 Ex
1541 1956 1542 2019 1

326 2104 387 2146 uno
409 2086 477 2145 duo.
519 2086 604 2147 Idem
617 2087 794 2149 Theocritus
813 2089 881 2149 lecit
899 2090 930 2147 in
943 2088 1138 2166 Epithalamio
1157 2089 1286 2149 Helenes
1306 2108 1491 2169 quanquam
1541 2062 1542 2141 1

327 2202 389 2244 non
403 2202 523 2261 prorsus
536 2186 621 2245 simili
634 2188 734 2246 modo.
776 2186 952 2259 Εἰιιεοχῆμο
966 2190 1044 2247 5558
1063 2184 1068 2265 Ι
1087 2202 1125 2262 55
1142 2189 1320 2263 3365655.
1365 2189 1409 2248 In
1429 2206 1493 2265 quo
1541 2222 1542 2267 3

326 2282 445 2343 ultimae
460 2286 595 2358 εεριωποὶ
609 2286 627 2342 6
642 2307 674 2337 =.·
687 2286 715 2355 6,
731 2298 749 2359 5
762 2308 795 2337 =
809 2298 847 2359 55
861 2282 935 2363 (ιο).
968 2283 1074 2345 Similis
1088 2284 1247 2361 geminatio
1261 2294 1305 2344 est
1319 2286 1494 2347 uerborum
1541 2276 1542 2301 ³

327 2381 433 2457 prioris
445 2386 587 2456 περικοπῆς
601 2396 628 2456 5.

531 2506 640 2578 χαίροις,
654 2504 676 2559 ὃ
689 2504 788 2578 νύμφα,
803 2502 905 2578 χαίροις
919 2506 1056 2578 εὒπίνθερε
1070 2506 1174 2579 γαμβρέ

532 2604 607 2657 Aeris
620 2604 668 2669 piu
681 2600 746 2672 toln,
761 2604 836 2657 Λατὸ
851 2606 1026 2675 κουροτρόφος
1040 2608 1118 2673 ὔμμιν

532 2700 670 2770 εὐτεκνίαν,
685 2698 783 2771 Κύπρις
796 2700 824 2754 δὲ
839 2701 885 2755 θεὰ
901 2700 999 2771 Kierpts
1012 2694 1072 2755 inor
1086 2700 1195 2773 ἔροσθοι

531 2797 664 2867 illitos,
679 2798 742 2855 Zetis
754 2799 783 2853 di
800 2799 924 2869 Κρονίδας
938 2798 1000 2855 Zetis
1013 2799 1127 2869 ἄφθιτον
1140 2796 1231 2866 ὄλβον,

531 2896 567 2951 e‘es
579 2896 610 2965 ἐξ
624 2896 778 2967 εὐπατριδᾶν
793 2896 829 2952 eir
843 2895 997 2967 5155555ρῖ155
1010 2898 1089 2951 πάλιν
1102 2898 1175 2965 ἔλθῃ.

370 3038 411 3099 At
432 3056 493 3098 non
514 3040 556 3099 sic
576 3040 702 3101 mesodo
722 3042 887 3101 continetur
911 3058 1028 3101 carmen
1053 3040 1090 3101 de
1112 3041 1232 3112 Achille,
1254 3040 1335 3119 quod
1358 3040 1488 3101 ulterius
1541 3022 1542 3077 1

330 3138 494 3199 extenditur
517 3138 605 3215 idque
629 3140 660 3197 in
685 3138 819 3216 strophas
844 3140 973 3198 numeris
993 3138 1041 3198 alii
1063 3150 1238 3215 argumento
1258 3140 1486 3199 conuenientes.
1541 3190 1542 3215 ,

330 3238 409 3299 Nam
429 3247 461 3297 ut
481 3238 512 3295 in
533 3238 655 3297 exordio
676 3238 784 3313 nuptiis
802 3237 964 3296 tribuuntur
979 3240 1006 3309 ⁶,
1023 3256 1050 3309 4,
1065 3239 1172 3315 nuptiis
1194 3256 1311 3315 quoque
1333 3238 1486 3297 tribuendi
1541 3224 1542 3311 1

330 3346 413 3397 erant
427 3357 454 3409 4,
470 3338 497 3394 6.
541 3335 600 3395 Sed
616 3334 748 3393 Catullus
769 3344 885 3393 secutus
906 3342 951 3392 est
971 3333 1169 3405 Theocritum,
1191 3336 1272 3395 cuius
1284 3338 1398 3407 Ιἀριθμοὶ
1421 3355 1484 3395 non

329 3453 448 3513 semper
468 3434 572 3494 iisdem
593 3434 724 3493 terminis
744 3432 851 3508 quibus
872 3434 952 3508 ipsae
973 3451 1019 3491 res
1041 3432 1262 3492 concluduntur.
1306 3430 1353 3492 Sic
1367 3434 1400 3492 in
1415 3433 1482 3493 Eid.

330 3533 366 3592 V.
384 3535 484 3608 45-60
502 3548 537 3608 15
553 3542 621 3592 sunt
634 3550 736 3591 uersus
749 3530 780 3589 in
796 3546 813 3605 5
826 3548 874 3605 ><3
891 3531 1050 3603 distributi;
1073 3532 1178 3608 quihus
1193 3530 1372 3608 respondent
1385 3532 1481 3590 ultimi

334 3645 380 3704 15,
395 3629 561 3689 seducere
576 3648 632 3688 nec
644 3632 803 3702 περιιοποῖς,
818 3646 916 3687 rursus
930 3629 1009 3687 enirn
1023 3629 1053 3687 in
1071 3648 1107 3703 ²3
1126 3647 1163 3687 ro
1178 3628 1355 3688 scinduntur.

371 3726 496 3786 Restant
518 3746 569 3785 uu.
591 3729 748 3801 382-4083
777 3744 902 3802 quorum
923 3730 1014 3799 σχῆμα
1034 3744 1102 3785 cum
1126 3724 1252 3786 Franlrio
1276 3728 1318 3785 sic
1340 3724 1419 3785 facio
1445 3744 1480 3800 23

333 3842 370 3882 10
388 3842 425 3881 ιο
442 3843 467 3882 a.

371 3920 507 3980 Transeo
535 3920 572 3979 ad
600 3938 625 3978 c.
650 3918 737 3979 LXII
766 3919 847 3998 quod
875 3930 904 3979 et
931 3920 1028 3997 ipsum
1052 3918 1229 3979 hexametris
1258 3920 1396 3997 scriptum
1429 3932 1482 3980 est

331 4018 464 4077 Aliorum
481 4018 640 4077 sententias
654 4018 713 4075 iam
727 4018 757 4075 in
770 4018 949 4095 praefatione
964 4018 1099 4077 carminis
1113 4019 1243 4095 exposui
1286 4018 1354 4094 Ego
1375 4018 1400 4077 si
1423 4020 1482 4077 iam

330 4117 362 4176 in
385 4115 607 4193 Prolegomenis
635 4116 778 4192 explicaui
806 4126 878 4193 quot
902 4134 1004 4175 uersus
1027 4135 1063 4173 ex
1086 4114 1234 4193 archetypi
1262 4116 1359 4175 forma
1380 4118 1483 4177 amissi

330 4216 512 4292 colligantur,
534 4230 596 4272 non
616 4213 713 4272 minus
738 4214 769 4272 id
790 4232 826 4271 err
847 4213 902 4273 hac
926 4214 1120 4291 descriptione
1144 4213 1174 4271 in
1197 4224 1293 4291 partes
1315 4214 1482 4274 confirmari
1541 4244 1542 4257 .

330 4316 461 4374 arbitror.
514 4312 593 4372 Nam
615 4312 668 4371 tria
689 4321 756 4371 sunt
778 4312 809 4369 in
832 4330 856 4371 5.
872 4311 959 4371 LXII
983 4330 1057 4389 quae
1082 4312 1188 4370 cadant
1213 4313 1242 4369 in
1266 4313 1482 4389 quaestionem.
1541 4302 1542 4363 1

331 4409 377 4489 (5)
399 4430 426 4471 u.
444 4430 478 4483 14
501 4429 602 4471 reuera
622 4412 659 4470 sit
680 4408 785 4468 Catulli
806 4428 900 4470 necne
923 4408 967 4487 (a)
986 4420 1058 4488 quot
1079 4427 1181 4469 uersus
1202 4422 1269 4486 post
1292 4430 1328 4484 3²
1346 4412 1481 4487 perierint
