3142 5059
318 371 377 428 ³00
716 369 772 430 DE
800 368 1061 432 PARTITIONE

317 565 351 606 ac
366 557 469 624 quarto
480 547 604 608 disticho
615 551 769 610 amborum
778 551 938 610 amantum
952 549 1118 610 felicitatem
1125 569 1134 622 ;
1148 549 1282 610 secando
1296 549 1469 627 singillatim

319 641 457 720 Septimii,
472 647 556 706 tertio
570 648 679 706 tientes
694 647 827 707 describi
863 647 899 706 ld
914 647 1110 708 RibbecIsIum
1123 665 1194 708 uere
1208 648 1397 724 perspexisse
1411 664 1469 706 trec

318 741 472 804 Richterus
493 763 547 806 nec
568 744 710 806 Frankius
733 765 790 806 nec
807 744 1019 824 Westphalius¹
1039 749 1190 820 dubitauit,
1212 765 1268 807 nee
1293 766 1470 826 quenquam

318 841 407 900 credo
424 841 620 903 dubitaturum
639 845 689 922 qui
707 861 828 904 cumen
847 845 986 904 attentius
1006 845 1183 922 inspexerit:
1212 844 1283 904 illud
1302 846 1409 904 nescio
1430 863 1469 903 arr

318 937 378 996 iure
406 937 524 998 fecerim
551 950 583 999 ut
603 941 729 1018 priorem
757 939 907 1018 stropham
927 943 1033 1000 iterum
1052 941 1083 1001 in
1115 941 1411 1017 43444,414ααιιι
1437 942 1470 1000 in

320 1053 376 1108 32²
394 1043 422 1102 ÷
440 1055 455 1094 a
471 1037 638 1098 diuiderem.

359 1279 387 1327 s.
400 1273 428 1334 β.
445 1285 463 1344 5
484 1271 534 1330 ubi
555 1273 684 1332 secunda
705 1290 772 1349 pars
793 1273 952 1350 respondet
969 1275 1078 1345 tertiae,
1093 1291 1186 1332 unum
1203 1271 1292 1331 habet
1312 1271 1351 1332 C.
1365 1272 1470 1332 XLIX

317 1365 398 1441 quod
412 1365 453 1424 sie
468 1365 593 1428 diuIsum
607 1381 652 1430 est
668 1389 735 1445 3²2·

358 1461 481 1522 Restant
495 1465 548 1536 XI,
564 1463 663 1538 XIVb,
677 1466 789 1539 XXVI,
806 1466 948 1539 XXXIV,
963 1465 1075 1537 XLIII,
1090 1465 1124 1536 L,
1139 1465 1190 1538 LI,
1205 1465 1288 1537 LIII,
1302 1465 1388 1538 LIV,
1402 1463 1470 1534 LV,

318 1556 428 1630 LVIII,
441 1557 520 1632 LIX,
533 1562 596 1622 LX.
628 1563 673 1623 Ex
684 1563 729 1623 hIs
740 1565 794 1636 XI,
806 1564 947 1634 XXXIV,
959 1563 1000 1622 LI
1014 1564 1081 1641 ipso
1094 1575 1188 1622 metro
1202 1563 1233 1621 in
1246 1563 1387 1638 strophas
1400 1571 1471 1622 sunt

317 1655 410 1717 diuisa
418 1677 425 1730 ;
449 1677 518 1720 nam
532 1660 587 1734 XI,
601 1660 643 1720 LI
665 1661 821 1740 Sapphica,
835 1661 967 1721 XXXIV
982 1661 1167 1738 Gchoneum
1188 1671 1240 1720 est
1283 1661 1378 1718 XIVb
1390 1662 1472 1736 frag·

317 1765 449 1815 mentum
463 1769 507 1818 est
522 1760 658 1820 carmInIs
671 1761 753 1819 cuius
767 1771 865 1819 cetera
877 1760 1041 1837 periemnt;
1062 1758 1143 1836 quod
1156 1759 1234 1818 idern
1248 1758 1327 1817 eadit
1341 1759 1372 1817 iu
1385 1757 1469 1817 LIV.

319 1851 417 1914 Huius
438 1865 550 1932 septem
572 1875 673 1918 uersus
694 1875 798 1917 omnes
821 1856 908 1918 unius
932 1857 1077 1933 poematis
1100 1873 1166 1916 esse
1189 1873 1299 1914 censeo
1324 1855 1408 1932 quod
1429 1853 1470 1914 de

319 1947 393 2010 Iulio
411 1949 538 2012 Caesare
558 1951 688 2014 Catrrllus
712 1955 866 2031 scripserit
913 1953 985 2013 Nou
1009 1955 1107 2030 Inepte
1133 1953 1191 2012 huc
1215 1951 1324 2011 reseras
1348 1969 1469 2012 uersum

319 2059 465 2108 seruatum
487 2067 505 2108 a
524 2048 724 2126 Porphyrione
747 2051 866 2110 Arnon
885 2051 998 2128 effipia
1019 2068 1088 2110 meos
1112 2049 1221 2108 ι’ωῠω.
1265 2048 1364 2108 lambi
1387 2050 1470 2110 enim

318 2156 443 2221 possunt
463 2164 528 2208 esse
549 2166 573 2209 c.
589 2148 693 2208 XXIX
709 2147 779 2220 Quis
791 2149 842 2208 hoc
857 2155 945 2226 potest
959 2149 1061 2220 ar'dere,
1075 2149 1139 2223 quai
1152 2153 1242 2223 potest
1252 2149 1321 2223 pati
1338 2165 1469 2226 quorum

318 2261 350 2303 se
364 2261 426 2304 non
439 2243 577 2321 effugisse
591 2247 728 2322 stigmata
741 2247 806 2325 ipse
819 2245 929 2308 Caesar
941 2246 1038 2306 fassus
1051 2245 1142 2305 fuerit

359 2391 393 2453 C.
417 2393 528 2466 XXVI,
543 2393 625 2467 LIII,
640 2393 750 2466 LVIII,
765 2395 847 2467 LIX,
861 2394 916 2454 LX
934 2397 1036 2455 omnia
1053 2405 1122 2455 sunt
1141 2395 1299 2473 quinorum
1316 2413 1471 2466 uersuum,

319 2491 420 2550 omnia
447 2503 560 2568 praeter
587 2491 690 2551 XXVI
714 2493 873 2553 iucisorum
897 2503 966 2572 post
988 2493 1111 2554 tertium.
1167 2490 1271 2550 XLIII
1297 2493 1340 2551 sic
1366 2492 1470 2552 diuido

324 2607 397 2662 131.
412 2607 457 2648 21.
499 2589 546 2649 De
564 2589 634 2650 LVI
649 2591 708 2650 iam
722 2591 781 2650 dixi
796 2591 835 2651 ad
849 2591 955 2650 locum.
997 2589 1034 2651 In
1052 2607 1113 2667 quo
1127 2589 1249 2648 fortasse
1264 2591 1356 2658 θυμὸν
1373 2607 1471 2665 queu-

320 2687 389 2746 dam
416 2687 542 2748 imitatus
569 2700 613 2749 est
641 2688 779 2760 Catullus,
803 2689 904 2767 quales
930 2687 1076 2750 Dosiades
1100 2687 1176 2748 duos
1200 2687 1317 2763 scripsit
1344 2685 1470 2765 (Bergk

322 2783 439 2842 Anthoi
456 2783 523 2862 Lyr.
540 2801 607 2862 397,
618 2789 658 2860 8).
690 2791 780 2862 Σχῆμα
794 2797 839 2847 est

561 2949 702 3029 14t6÷2
727 2995 733 3008 .
756 2947 849 3027 444)
874 2967 911 3008 10
933 2943 1045 3026 (²⁶²)
1068 2949 1086 3006 8
1109 2943 1221 3024 (2⁴2)

361 3097 394 3158 C.
410 3097 436 3156 L
450 3099 494 3157 bis
508 3099 632 3159 incisum
646 3110 690 3158 est
703 3109 771 3174 post
786 3101 814 3169 6,
833 3116 877 3172 ¹3·
909 3097 1009 3156 Habet
1020 3096 1105 3171 igitur
1115 3103 1212 3171 partes
1223 3103 1282 3151 tres
1297 3090 1396 3170 (678),
1408 3094 1472 3152 sin·

318 3197 403 3276 gulas
416 3215 477 3256 uno
491 3215 577 3256 uersu
591 3197 782 3276 praecedente
796 3197 929 3256 maiores.
972 3194 1037 3253 Has
1051 3193 1195 3252 diuisurus
1211 3208 1293 3250 eram
1306 3191 1338 3248 in
1354 3208 1404 3261 ²4·
1421 3206 1472 3266 25,

322 3299 376 3369 26;
405 3295 458 3356 sed
479 3305 604 3372 quatuor
624 3295 763 3372 postremi
784 3311 886 3354 uersus
907 3310 975 3353 cum
995 3289 1179 3350 maariiestam
1193 3289 1335 3361 περικοπὴν
1349 3287 1471 3358 saciant,

320 3393 404 3452 tertia
431 3411 499 3470 pars
527 3392 614 3451 habet
637 3391 693 3452 hos
721 3409 859 3451 numeros
885 3410 912 3460 4,
928 3409 954 3461 4.
1004 3385 1249 3462 Regredientibus
1277 3384 1317 3441 ad
1340 3384 1471 3460 prImam

320 3490 433 3551 numeri
454 3499 522 3549 sunt
543 3499 592 3550 aut
615 3509 630 3547 a
648 3503 665 3563 5
688 3499 736 3548 aut
752 3508 769 3564 3
786 3508 812 3560 4.
855 3488 925 3547 Hoc
946 3503 1014 3544 cum
1033 3485 1178 3562 plerisque
1195 3481 1326 3558 praetuli,
1341 3500 1381 3540 ne
1395 3499 1471 3540 corr·

319 3589 418 3646 iuncto
448 3585 482 3646 Vt
509 3593 671 3644 conuenerat
694 3604 750 3644 etse
777 3587 903 3643 delicatos
930 3602 998 3642 cum
1019 3581 1151 3641 Scribens
1178 3579 1329 3638 ueru'culos
1355 3587 1471 3655 uterque

319 3691 451 3754 norom,
467 3685 567 3744 nesci0
581 3684 651 3760 quid
672 3701 809 3759 asperum
831 3699 885 3742 nec
899 3681 1014 3740 Catullo
1033 3679 1213 3739 conueniens
1230 3686 1347 3754 saperet
1363 3679 1469 3737 oratio.

320 3781 474 3840 Habemus
489 3782 574 3858 igitur
595 3793 625 3840 A.
642 3800 668 3856 3,
685 3801 711 3856 3.
744 3792 772 3840 Β,
856 3790 883 3836 r.
899 3798 927 3851 4,
943 3799 969 3851 4.
1005 3777 1173 3837 Vndeuin
1194 3795 1256 3850 4,3
1278 3792 1357 3851 quae
1376 3775 1470 3834 altera

320 3889 407 3938 restat
421 3877 533 3949 diuisio,
549 3897 609 3938 non
624 3879 654 3938 in
671 3898 697 3950 a,
714 3894 731 3952 5
753 3879 858 3938 merito
878 3877 949 3936 mihi
971 3876 1102 3937 diuisisse
1122 3875 1233 3935 uideor.
1268 3877 1360 3946 Σχῆμα
1381 3873 1470 3949 igitur

319 3987 422 4050 estas
446 4021 452 4034 ·
476 3995 513 4050 43
537 4021 543 4034 -
567 3995 603 4048 44
625 4021 630 4032 ·
651 3972 703 4052 (33
723 4020 728 4033 ·
746 3987 784 4049 t·
805 3993 842 4046 44
861 3970 1039 4051 Richterus.)

352 4170 360 4199 ²
378 4171 475 4218 Dubitat
489 4179 565 4220 tamen
577 4168 730 4230 Westphalius
741 4167 850 4228 possent
867 4176 921 4214 octo
937 4179 1015 4212 uersus
1029 4159 1108 4229 19-26
1119 4161 1217 4224 Εροάοιι
1233 4160 1329 4217 iadaut,
1343 4175 1375 4208 aa
1391 4177 1470 4212 umus

320 4255 436 4310 exciderit,
449 4269 495 4316 quo
507 4253 573 4301 tertia
586 4252 710 4300 efficeretur
723 4249 816 4311 stropha
828 4263 912 4296 nouem
924 4262 1031 4296 uersuum
1042 4248 1092 4310 (pp.
1104 4257 1159 4308 231,
1172 4243 1204 4306 a).
