3142 5059
578 398 636 458 AD
657 399 751 459 XXV.
774 414 801 473 5.

455 658 692 720 uoouuovu
713 660 751 721 au
769 658 868 721 xvrr.
885 675 932 737 25.

204 813 246 874 Et
266 817 428 893 supinum
449 817 601 877 animum
621 817 657 875 in
676 817 778 894 graui
799 816 1047 895 derelinquere
1067 833 1183 878 coeno

204 912 365 974 Ferream
385 925 421 974 ut
442 915 575 975 soleam
596 914 714 975 tenaci
734 915 769 974 io
789 916 958 991 uoragine
978 915 1083 976 mula.

163 1061 255 1122 Hunc
276 1063 374 1124 locum
392 1065 519 1140 respexit
532 1063 678 1141 Gargilius
692 1064 833 1124 Martialis
850 1062 887 1124 de
900 1064 1023 1124 Persicis
1037 1064 1065 1123 X
1081 1064 1164 1139 (Mai.
1178 1064 1264 1124 Auct.

118 1161 216 1221 Class·
230 1159 339 1242 1.401)
361 1159 463 1238 Spano
487 1163 584 1240 ligata
599 1164 746 1223 aduersum
763 1164 893 1239 plurima
916 1163 1082 1222 anconnoda
1101 1169 1135 1222 ul
1152 1163 1265 1240 anfora
1315 1185 1321 1196 ‘

117 1263 279 1319 extimant:
312 1268 338 1320 el
363 1262 470 1338 edatque
495 1263 626 1321 nonnulli
655 1265 892 1323 iumentorum
926 1263 1036 1323 solias
1069 1263 1105 1321 in
1138 1263 1265 1323 itinere

118 1359 312 1420 derelictas
325 1370 399 1436 prae
418 1361 503 1420 medio
523 1363 632 1420 truncis
652 1364 775 1421 rannac
793 1362 967 1438 suspendunt.

466 1561 680 1623 EXCVRSVS
702 1562 740 1623 ad
760 1562 859 1624 XXII.
874 1583 919 1640 ig

267 1717 344 1779 Hoc
365 1719 447 1797 quid
468 1730 628 1797 putemus
648 1721 747 1780 esse?
775 1721 833 1798 qui
853 1719 957 1779 modo
978 1738 1110 1791 scurra,

265 1817 334 1876 Aut
354 1819 382 1878 si
403 1819 485 1895 quid
505 1819 569 1878 hac
591 1837 625 1878 re
647 1819 781 1879 tristius
800 1819 999 1888 uidebatur,

266 1914 362 1976 Idem
382 1917 538 1977 infaceto
558 1927 611 1978 est
631 1917 817 1977 infacetior
836 1935 922 1977 rure.

164 2059 256 2134 Quod
274 2063 412 2124 tristius
429 2065 477 2126 hic
491 2065 608 2125 codices
622 2074 738 2124 secunus
752 2065 864 2136 retinui,
877 2064 907 2123 id
921 2062 1123 2122 confirmatum
1137 2061 1213 2120 duco
1228 2078 1265 2120 ex

121 2161 266 2237 oppositis
290 2162 445 2222 infaceto
474 2173 503 2223 ct
529 2164 729 2237 infacetior,
750 2181 828 2243 quae
848 2164 940 2222 uerba
961 2161 999 2221 ad
1020 2169 1167 2236 gustatum
1191 2158 1265 2218 refe·

121 2269 225 2318 runtur
238 2277 257 2318 a
269 2258 373 2320 Plauto
387 2261 417 2320 in
432 2261 556 2323 Mostell.
569 2277 607 2337 45
622 2261 718 2340 Neque
730 2269 786 2320 tam
792 2262 901 2340 facetis
913 2279 996 2336 quan
1009 2267 1040 2317 tu
1054 2260 1176 2332 (scurra)
1191 2257 1267 2315 caud

122 2357 250 2428 utilibus,
265 2357 301 2417 cf.
317 2372 335 2432 5
338 2375 365 2434 3,
377 2379 395 2431 4
409 2357 495 2418 Decet
505 2379 546 2418 me
558 2379 655 2418 amare
667 2367 693 2418 et
703 2365 728 2418 le
740 2358 943 2420 bubulcitarler
956 2356 1010 2415 Me
1023 2359 1151 2415 sainture
1157 2355 1265 2431 putre,

122 2461 149 2512 te
165 2457 275 2516 nunti
293 2457 387 2527 nodat,
401 2458 452 2518 ubl
471 2459 576 2519 eodem
595 2460 686 2519 modo
705 2459 828 2518 ntsticus
848 2476 883 2517 ac
903 2473 1003 2517 scurra
1022 2457 1096 2514 inter
1115 2473 1155 2514 se,
1168 2472 1265 2531 oppo-

123 2564 241 2613 nuntur.
282 2553 908 2617 AddeMacrob.Sanm.v11.-12Acnun
928 2573 993 2614 uero
1011 2561 1037 2614 ef
1055 2554 1266 2632 la’qmilissinwn

122 2659 165 2711 esf
176 2654 248 2710 anter
260 2660 357 2712 ceteros
377 2654 502 2714 humores
521 2662 548 2713 ct
565 2662 640 2714 tanto
659 2662 700 2714 est
713 2655 842 2714 acerbius
862 2661 896 2713 ut
911 2656 951 2714 sit
967 2673 1047 2713 acore
1065 2653 1226 2712 tristificum
1243 2658 1271 2711 el

122 2750 246 2826 exemplo
269 2754 394 2810 morenae
416 2771 503 2829 aquae
524 2771 594 2830 quae
617 2755 678 2831 2'pca
702 2772 804 2832 quoque
825 2753 1012 2814 antarrludrire
1033 2752 1084 2812 cui
1105 2761 1206 2828 aspera
1229 2758 1269 2810 est

123 2867 267 2925 nunquan
275 2850 343 2926 gelu
355 2851 539 2910 contrahitur.

479 3059 692 3122 uxcvusvs
713 3062 751 3122 aa
770 3061 867 3121 xxv.
882 3077 909 3137 5.

172 3215 232 3276 Hic
246 3235 349 3279 uersus
363 3219 404 3279 sic
418 3219 522 3297 legitur
534 3221 565 3279 in
579 3221 609 3281 G

547 3350 577 3398 al.
589 3365 644 3398 aues
655 3350 692 3398 uel
703 3350 761 3398 aries

229 3412 318 3474 Cum
339 3414 420 3476 diua
439 3415 560 3476 mulier
615 3417 704 3476 alios
784 3414 940 3476 ostendit
959 3414 1154 3474 oscitantes

125 3575 210 3618 aues
231 3559 385 3618 ostendit
403 3561 512 3620 habent
526 3559 613 3620 ceteri
627 3559 756 3637 plerique
776 3557 894 3618 codices
902 3577 911 3631 ς
939 3558 1031 3617 aries
1054 3556 1081 3617 0
1100 3556 1154 3616 Ven
1173 3559 1268 3620 arios

26 3661 29 3712 i
125 3677 219 3735 marg.
232 3657 262 3716 L
283 3659 372 3719 alios
391 3656 451 3718 [α’
468 3658 710 3736 VPruuppnsu
728 3675 832 3735 margo
845 3658 882 3731 113
904 3658 1067 3718 ostendet
1087 3657 1175 3719 Dor.
1216 3659 1268 3720 In·

124 3757 346 3834 terpretationes
366 3759 422 3820 loci
443 3759 590 3836 congessit
611 3759 729 3820 Pohlius
753 3760 784 3819 in
801 3757 966 3836 Specimine
980 3757 1153 3818 Lectionum
1173 3777 1202 3835 p.
1218 3774 1266 3834 35.

126 3857 196 3916 Hae
210 3855 340 3934 duplices
359 3868 434 3930 sunt,
449 3871 498 3919 aut
511 3859 589 3918 enim
604 3858 642 3918 ad
654 3859 812 3936 procellam
832 3858 999 3930 referuntur,
1013 3876 1088 3935 quae
1101 3859 1201 3935 opinio
1215 3859 1268 3920 fuit

125 3955 272 4022 editorum
286 3965 353 4015 ante
367 3956 589 4017 Lachmannum
603 3976 679 4034 pene
692 3957 834 4028 omnium,
848 3956 949 4016 autad
962 3956 1060 4016 Thalli
1072 3958 1267 4034 rapacitatem.

125 4053 188 4128 Qui
210 4055 336 4131 priorem
358 4055 438 4114 uiam
459 4055 583 4133 ingressi
604 4066 678 4128 sunt,
698 4055 769 4116 dum
792 4055 850 4116 lroc
872 4073 960 4115 uersu
982 4057 1162 4132 tempestatis
1183 4056 1268 4132 signa

126 4153 250 4214 credunt
268 4153 392 4214 describi
410 4165 460 4214 aut
472 4157 629 4215 oscitantes
643 4173 712 4214 aues
732 4154 838 4229 (alites)
853 4155 1074 4231 interpretantur
1086 4153 1267 4214 clamitantes

26 4283 27 4286 ¹
128 4253 184 4326 (sic
205 4251 335 4329 Scaliger
354 4251 478 4330 Vulpius
503 4253 592 4313 Conr.
614 4254 651 4314 de
671 4253 748 4312 Allio
769 4251 951 4327 Huschkius)
973 4262 1023 4312 aut
1044 4251 1122 4311 aliud
1143 4253 1267 4311 uerbum

127 4366 181 4427 pro
196 4368 233 4409 eo
247 4351 387 4422 scribunt,
405 4351 608 4412 oscinentes
626 4351 756 4412 Faernus
772 4362 803 4411 et
817 4351 932 4423 Statius,
950 4351 1154 4410 occinentes
1167 4349 1266 4409 Auan-

128 4451 184 4511 tius
213 4449 279 4510 Ald.
306 4449 320 4509 1
346 4451 489 4525 Muretus,
518 4453 714 4513 ominantes
741 4450 926 4527 Doeringr‘us.
975 4449 1035 4510 Sed
1063 4449 1185 4511 oscitare
1212 4469 1267 4528 pro
