3142 5059
469 336 699 399 CARMINVM
727 336 919 400 CATVLLI.
1212 340 1271 398 247

154 515 320 595 Pergamus
343 516 382 578 ad
402 517 529 596 Elegiaa.
571 520 608 579 In
627 520 735 597 quibos
756 519 862 580 Callini
885 518 1081 597 fragmentum
1099 538 1111 578 r
1130 536 1268 579 mancum

107 616 237 694 quidem
254 625 300 676 est
318 617 357 677 ab
373 616 464 689 initio,
479 617 531 677 sed
544 636 564 677 a
575 636 664 677 uersu
679 634 695 693 7
710 620 806 691 Τιρῆίν
824 642 854 675 τι
870 620 923 693 γάρ
941 619 1001 674 ἐστι
1019 619 1061 675 καὶ
1077 619 1177 692 ἀγλαὸν
1194 618 1271 691 dndpt

107 716 249 786 μάχεσθαι
272 713 423 773 adfinem
444 733 539 791 usque
559 715 696 775 carminis
717 724 747 774 et
771 715 871 774 resin
896 733 928 774 se
952 713 1082 791 perfecta
1103 725 1147 775 est
1169 724 1199 774 et
1223 714 1268 773 in·

107 811 191 888 tegri
214 813 337 885 numeri,
362 814 430 885 646.
482 812 656 874 Notandum
684 822 783 873 autem
809 824 842 875 ut
870 831 1009 873 numeros
1037 813 1076 871 ita
1103 830 1150 873 res
1178 814 1208 873 in
1236 831 1269 873 se

107 909 238 969 reuolui.

155 1006 327 1065 Mimnermi
345 1006 423 1067 Fun
442 1026 480 1066 ex
501 1008 615 1068 duabus
635 1017 751 1068 constat
771 1008 911 1085 partibus,
932 1006 1053 1083 singulis
1075 1008 1093 1065 8
1112 1024 1268 1067 uersuum:

107 1123 193 1185 quae
206 1107 311 1165 iterum
325 1107 356 1167 in
370 1126 388 1180 4
400 1124 449 1168 xa
466 1125 498 1167 se
512 1107 657 1167 scindunt.

156 1202 254 1263 Multo
279 1203 384 1263 clarius
411 1205 442 1263 in
466 1203 585 1264 Solonis
608 1204 712 1282 Elegia
734 1202 787 1280 (13
802 1202 914 1283 Bergk)
937 1222 983 1265 res
1011 1204 1113 1265 elucet.
1165 1203 1269 1265 Diuisa

112 1311 163 1362 eat
183 1303 227 1362 sic

457 1389 504 1419 m
572 1392 615 1420 a.
857 1387 900 1416 »a

446 1434 508 1504 8,8
571 1432 611 1490 88
676 1451 714 1492 ιο
757 1451 796 1492 ao
859 1435 897 1492 86

159 1562 248 1626 Hanc
261 1565 387 1642 elegiam
400 1566 475 1626 mira
488 1575 548 1625 arte
562 1565 729 1625 ordinatam
741 1584 808 1626 esse
822 1564 894 1625 nulli
908 1566 997 1627 credo
1012 1567 1133 1627 dubium
1147 1566 1219 1627 fore.

158 1662 217 1723 Vu.
235 1667 312 1723 1-16
339 1663 580 1737 πλοῦτος-ὕβρις,
607 1666 704 1739 16-32
734 1664 835 1737 ὕβρεως
862 1665 940 1735 τίσις,
965 1664 1136 1743 describitur
1143 1683 1152 1737 ;
1183 1666 1214 1724 in
1239 1682 1268 1723 ιι.

117 1780 158 1838 33
183 1762 321 1821 transitur
344 1761 382 1821 ad
406 1778 597 1821 communem
624 1761 779 1821 hominum
807 1762 1008 1822 conditionem
1032 1772 1065 1821 ut
1091 1764 1203 1822 bonam
1231 1763 1268 1821 de

116 1878 151 1918 se
171 1876 256 1935 spem
277 1860 405 1919 habeant
426 1878 482 1920 nec
504 1860 615 1920 malum
637 1870 771 1941 metuant
791 1868 858 1919 ante
879 1878 969 1937 quam
990 1861 1020 1919 in
1041 1859 1119 1921 mala
1138 1859 1269 1919 incidant

116 1955 263 2037 (33-4a);
296 1941 355 2017 ned¹
373 1975 576 2035 quaecumque
602 1958 680 2017 uitae
707 1975 772 2017 sora
797 1958 902 2030 euenit,
927 1975 1032 2017 omnes
1060 1974 1146 2017 suum
1169 1967 1269 2015 manet

115 2055 212 2113 samm
225 2052 363 2133 (42-62),
382 2055 472 2133 idque
492 2056 608 2132 saepius
629 2065 733 2115 contra
752 2072 846 2131 spem,
862 2064 895 2114 ut
913 2072 950 2113 ex
971 2072 1099 2131 paupere
1120 2053 1211 2125 diues,
1231 2072 1268 2113 ex

116 2152 208 2215 diuite
222 2152 272 2211 fiat
285 2170 413 2229 pauper;
433 2153 598 2212 diuitiarum
612 2162 716 2212 autem·
723 2153 830 2213 modus
847 2170 909 2211 non
926 2162 971 2213 est
985 2149 1127 2233 (63-76)..
1164 2151 1269 2228 Itaque

116 2266 137 2307 a
152 2248 258 2308 diuitiis
272 2266 348 2324 quae
362 2248 457 2324 primo
470 2247 539 2308 loco
553 2257 822 2309 commemorantur
835 2246 944 2307 reditus
959 2248 990 2307 fit
1004 2247 1042 2307 ad
1056 2247 1179 2307 diuitias.
1266 2284 1271 2297 ·

159 2345 302 2405 Eiusdem
322 2345 356 2406 fr.
374 2361 421 2421 27,
442 2346 494 2405 ubi
516 2346 577 2406 nita
600 2345 754 2406 hominum
777 2347 808 2405 in
831 2345 934 2405 decem
957 2355 1055 2424 partes
1079 2354 1268 2422 septenorum

117 2460 266 2521 annonun
280 2443 427 2520 digeritur,
441 2444 602 2519 συμμετρίαι
619 2462 688 2504 cum
707 2443 871 2504 Ribbeckio
890 2443 994 2504 uideor
1012 2443 1083 2503 mihi
1101 2461 1190 2520 posse
1209 2444 1269 2503 dis-

117 2558 246 2600 cernere.
287 2539 367 2600 Nam
385 2558 422 2600 ex
441 2541 608 2601 octodecim
623 2542 756 2601 uersibus
770 2542 822 2619 qui
841 2558 960 2601 carmen
978 2541 1114 2612 efficiunt,
1128 2541 1229 2618 primis
1248 2543 1272 2599 6.

116 2640 230 2715 primae
244 2648 303 2698 tres
316 2650 422 2716 partes,
436 2639 561 2699 alteris6
577 2640 683 2699 alterae
695 2658 730 2715 3;
751 2658 800 2699 uu.
815 2641 913 2715 13-18
927 2639 1045 2699 ultimae
1060 2638 1268 2712 4coniunctae

117 2736 330 2797 describuntur.
373 2736 421 2797 Sic
435 2738 508 2796 etin
521 2738 626 2798 iambis
640 2738 716 2809 fecit,
730 2738 872 2815 quoniam
886 2738 918 2796 fr.
931 2740 969 2813 36
984 2738 1015 2797 in
1026 2739 1146 2813 555†6
1161 2746 1272 2813 sponte

117 2835 334 2896 suascindittu.
1269 2884 1274 2893 ,

160 2933 207 2992 Ex
221 2932 414 3009 Xenophanis
428 2932 564 3010 relliquiis
579 2932 654 2993 duae
668 2942 735 2993 sunt
748 2951 824 3010 quae
838 2933 1022 2994 manifestam
1039 2952 1109 3011 prae
1126 2950 1158 2993 se
1175 2932 1269 2992 ierant

117 3031 305 3109 partitionem
318 3032 351 3090 fr.
366 3050 379 3090 1
397 3040 428 3090 et
442 3052 458 3091 a
474 3030 581 3109 Bergk.
623 3030 754 3091 Primum
772 3050 810 3091 ex
829 3033 961 3093 uersibus
978 3041 1094 3091 constat
1110 3048 1164 3103 243
1185 3030 1216 3089 hi
1237 3031 1273 3089 in

117 3129 194 3188 duas
217 3139 315 3205 partes
336 3127 549 3200 duodenorum,
574 3146 673 3188 nunus
700 3129 731 3187 in
755 3138 881 3205 quatuor
905 3146 1044 3187 senorum
1071 3146 1103 3187 se
1131 3127 1269 3187 scindunt

117 3223 184 3306 (66,
195 3224 257 3305 66).
299 3226 369 3287 Ηοι
382 3236 477 3287 totum
492 3226 619 3298 exhibui,
633 3227 712 3286 unde
731 3226 887 3291 artificiosa
900 3225 1100 3284 membrorum
1115 3234 1270 3301 appareret

115 3324 305 3401 compositio.

323 3475 380 3529 Νῦν
392 3473 444 3547 γὰρ
456 3473 489 3545 δὴ
503 3473 613 3542 (dadon
625 3473 737 3546 καθαρὸν
750 3472 792 3528 eat
804 3474 890 3545 χεῖρες
902 3470 1023 3527 ἁπάντων

365 3572 408 3627 nt
420 3570 529 3628 eu'itme·
548 3571 677 3628 πλιποῦι
689 3568 713 3626 δ’
726 3567 863 3642 ἀμφιτιθεῖ
875 3568 1035 3641 στεφάνους,

322 3669 407 3727 ἄλλοι
419 3668 443 3725 δ’
456 3670 550 3726 etsta
562 3667 645 3742 μύρον
657 3668 686 3724 e'r
699 3670 783 3740 φιάλῃ
796 3664 952 3739 παρατείνει·

282 3842 289 3853 ,
364 3766 461 3840 *meir
474 3763 621 3835 δ’ἔστιω
633 3766 732 3837 mvn
745 3762 919 3838 &nudor

321 3862 405 3920 ὅλλοι
418 3860 443 3919 δ’
456 3858 527 3920 oleos
539 3864 652 3933 ἑτοῖμος,
666 3860 696 3919 δι
707 3865 804 3919 οὕτως
817 3861 1053 3934 participandorum,

361 3957 484 4033 μίλιχοσ
496 3960 525 4015 ἰν
536 3960 665 4049 κεράροις,
678 3958 769 4020 Meos
781 3958 934 4031 ὀσδόμινος·

323 4126 353 4182 ἐν
364 4126 393 4182 δι’
405 4127 498 4196 picoti·
511 4123 593 4197 ἁγνὴν
606 4123 688 4195 ὀδμὴν
699 4125 845 4191 λιβανωτὸς
857 4121 937 4195 ἵησιν,

362 4220 507 4297 ψνχρόνδ
521 4224 596 4277 doru
609 4220 679 4295 ὗδορ
692 4224 734 4277 troi
746 4222 830 4295 γλυκὺ
843 4224 885 4277 καὶ
898 4222 1018 4295 καθαρόν·

322 4322 471 4394 πάρκεινται
484 4318 507 4377 δ’
521 4320 595 4395 ὅριοι
610 4320 700 4392 ξανθοὶ
711 4319 808 4394 γεραρή
821 4340 850 4375 τι
863 4321 977 4393 τράπεζα
