3142 5059
493 391 715 458 CARMEN
745 369 896 460 uxvru.
1204 397 1269 465 mo

250 578 479 667 Conscriptum
502 584 561 647 hoc
584 584 728 649 lacrimis
751 587 859 649 mittis
880 589 1079 673 epistolium,

207 689 409 778 Naufragum
431 704 467 759 ut
490 697 631 760 eiectum
654 699 879 781 spumantibus
899 703 1046 783 aequoris
1067 702 1166 765 undis

248 803 418 869 Subleuem
440 815 473 870 et
495 827 515 870 a
537 810 650 872 mortis
672 809 789 873 limine
810 811 992 896 restituam,

205 914 312 1002 Qem
335 937 437 1001 neque
460 931 573 984 uncta
594 919 704 984 Venus
726 921 817 984 molli
839 923 1039 1006 requiescere
1060 942 1176 988 somno
1253 953 1267 1003 5

108 1205 207 1256 mortis
215 1204 336 1274 ficgasse.
373 1208 510 1276 Vtramque
525 1227 578 1261 rem
592 1220 617 1262 et
631 1229 743 1263 amorem
756 1211 862 1264 Lesbiae
872 1223 897 1264 et
910 1213 1006 1266 luctum
1015 1213 1118 1280 fratris
1131 1215 1224 1266 iterum
1239 1215 1266 1266 in

107 1276 202 1328 altera
218 1286 297 1344 parte
314 1277 424 1345 inducit,·
454 1299 515 1332 nam
537 1299 579 1334 uu.
596 1279 754 1351 (7o)-(7a)‚
773 1283 802 1352 (r
809 1281 960 1353 3r)-(148)
978 1285 1008 1336 de
1025 1284 1118 1338 lesbia
1135 1287 1182 1337 toti
1198 1295 1266 1350 sunt,

108 1365 158 1398 uu.
177 1357 262 1399 autem
281 1345 448 1419 (91)-(1oo)
461 1351 564 1417 fratris
584 1362 690 1404 mortem
709 1353 850 1423 deplorant,
867 1364 892 1407 et
909 1355 1007 1423 quidem
1024 1356 1112 1408 iisdem
1131 1354 1212 1410 uerbis
1230 1355 1266 1422 cs.

109 1414 268 1487 (9²)-(9⁶)
279 1437 336 1471 cum
351 1435 447 1484 20-24.
484 1424 545 1475 ‘Tum
562 1442 580 1476 a
596 1442 638 1476 uu.
653 1441 695 1489 29,
710 1441 743 1489 30

645 1554 774 1608 Veronae
792 1561 873 1624 turpe
891 1557 1001 1611 Catullo

365 1638 441 1706 Esse,
459 1639 533 1709 quod
552 1640 597 1695 hic
614 1642 736 1710 quisquis
753 1642 790 1696 de
807 1644 922 1697 meliore
940 1653 1006 1698 nota

330 1724 440 1794 Frigida
457 1727 568 1782 deserto
586 1729 729 1798 tepefacsit
747 1731 872 1784 membra
890 1731 981 1799 cubili,

109 1855 207 1910 Lesbia
218 1856 324 1927 irfidelis
336 1859 363 1910 in
376 1857 474 1910 Catullo
486 1859 623 1929 argrdtur;
639 1861 706 1913 idem
717 1861 810 1914 diserte
820 1861 882 1914 dicit
894 1857 1080 1930 (135)-(137)

327 1963 407 2032 Qae
425 1969 518 2017 tamen
537 1964 588 2018 etsi
607 1980 663 2018 uno
681 1981 736 2018 non
755 1971 798 2018 est
816 1973 947 2020 contenta
967 1967 1078 2020 Catullo

364 2051 437 2105 Rara
455 2052 628 2106 uerecundae
647 2051 721 2107 furta
739 2053 861 2107 feremus
878 2053 971 2122 herae,

326 2138 370 2192 Ne
388 2139 503 2193 nimium
521 2141 604 2194 simus
622 2141 769 2195 stultorum
788 2158 866 2195 more
885 2142 1003 2196 molesti.

108 2261 162 2312 Sed
177 2261 295 2328 quomodo
309 2263 337 2314 in
350 2280 399 2314 uno
413 2263 526 2315 carmine
542 2261 636 2315 caelebs
653 2263 719 2315 idem
731 2263 840 2316 Mallius
858 2260 997 2332 amansque
1012 2264 1125 2317 dicitur!
1158 2265 1264 2318 Necesse

106 2332 214 2385 estatio
231 2343 339 2403 tempore
355 2335 459 2402 scriptos
469 2333 555 2399 fuisse
571 2350 637 2397 1-40
650 2333 700 2387 alio
713 2332 796 2404 (155)
808 2336 886 2402 etqui
902 2353 957 2386 eum
974 2346 1099 2387 secuntur.
1136 2336 1200 2388 Dico
1217 2355 1262 2388 sex

100 2413 264 2472 postremos,·
286 2403 332 2456 sed
354 2414 444 2456 ceteros
465 2403 601 2473 41-(154)
621 2405 703 2457 eodem
727 2416 836 2474 tempore
859 2424 914 2457 cum
938 2406 978 2457 his
1001 2407 1106 2474 scriptos
1121 2406 1208 2471 juisse
1230 2427 1262 2459 ex

108 2471 280 2543 (91)—(100)
300 2477 398 2528 conicio.
434 2475 480 2527 Bis
499 2478 565 2528 enim
584 2476 650 2528 idem
670 2495 717 2528 non
736 2477 842 2528 dixisset
862 2476 950 2529 iisdem
971 2474 1053 2529 uerbis
1077 2477 1128 2529 nisi
1150 2479 1262 2545 spatium

107 2547 228 2614 temporis
245 2547 431 2598 intercessisset.
468 2548 556 2614 ltaque
567 2548 681 2616 priorem
694 2558 799 2617 partem
815 2549 937 2600 carminis
954 2550 1064 2600 Veronae
1080 2549 1189 2616 scripsit,
1201 2549 1262 2601 dum

107 2619 203 2668 recenti
221 2617 304 2669 adhuc
323 2616 392 2670 luctu
402 2617 521 2683 fratrem
541 2627 648 2670 moeret:
665 2617 776 2671 alteram
793 2618 951 2686 aliquantum
962 2629 1062 2688 postea,
1077 2637 1125 2671 non
1143 2621 1261 2686 Veronae,

106 2687 160 2753 sed,
174 2697 201 2739 ut
212 2707 244 2740 ex
256 2686 366 2757 longiore
377 2698 452 2756 atque
462 2689 597 2741 emcditiore
602 2687 701 2754 fabula
712 2688 848 2758 colligitur,
860 2690 963 2756 Romae,
976 2689 1018 2742 ubi
1029 2692 1180 2759 scriptorum
1193 2692 1262 2760 copia

107 2757 238 2811 utebatur.
274 2761 427 2828 Comparari
439 2769 523 2829 potest
539 2761 605 2812 Stat.
619 2759 681 2812 Silu.
694 2760 738 2814 JV.
752 2780 767 2825 4
781 2762 849 2812 cuius
861 2762 903 2832 qus'
914 2763 941 2813 in
952 2760 1054 2812 exordio
1065 2770 1138 2814 stant
1148 2761 1262 2813 undecim

107 2847 196 2881 uersus
208 2831 343 2896 manifesto
350 2839 409 2898 post
420 2830 525 2898 reliquos
537 2832 626 2899 scripti
637 2841 704 2883 sunt.

145 2901 201 2952 Nec
215 2901 323 2954 multum
335 2901 424 2953 haereo
438 2902 465 2954 in
479 2904 613 2954 coniunctis
625 2901 764 2954 nominibus
772 2901 917 2970 gentilitiis.
953 2903 1026 2955 Nam
1038 2901 1262 2972 uulgatumfidsse

101 2973 240 3041 praecipue
256 2972 325 3040 apud
341 2971 445 3025 Sabinos
464 2983 492 3024 ut
509 2974 611 3026 nomina
628 2973 676 3026 duo
686 2973 792 3039 ferrent
803 2975 891 3042 patris
909 2972 1028 3038 alterum
1040 2972 1150 3026 colurum
1167 2975 1261 3026 matris

106 3052 209 3094 constat
224 3059 256 3094 ere
273 3043 332 3094 Liui
344 3044 485 3096 XXXIX.
500 3061 541 3110 13,
558 3059 598 3108 17,
615 3044 684 3112 apud
696 3063 767 3111 quem
775 3043 850 3112 filius
864 3044 986 3098 Pacullae
997 3045 1095 3098 deliniae
1107 3044 1224 3110 Sabinae,
1236 3055 1262 3096 et

108 3113 227 3178 Cerrinii,
244 3113 341 3166 Minius
361 3114 489 3168 Cerrinius
508 3125 609 3166 uocatus
627 3124 673 3167 est.
709 3115 829 3167 Eiusdem
846 3117 947 3183 genem's
965 3126 1025 3168 sunt
1044 3117 1134 3168 Attius
1150 3116 1261 3182 Nauius,

107 3185 237 3236 Minatius
256 3185 371 3253 Magius,
394 3186 497 3237 Marius
518 3186 656 3254 Egnatius,
677 3186 769 3238 Herius
793 3187 907 3252 Asinius,
929 3187 1027 3239 Statius
1049 3185 1151 3251 Gellius,
1173 3185 1261 3254 (isitius

107 3254 238 3320 Calauius,
251 3257 373 3325 Papinius
385 3256 491 3309 Statius.
526 3257 678 3325 Quanquam
691 3259 776 3326 potuit
792 3258 870 3309 etiam
887 3257 965 3310 aliter
976 3275 1016 3309 res
1030 3257 1150 3325 espedisi.
1187 3257 1260 3309 Nam

106 3335 136 3378 ut
152 3328 186 3396 Q.
200 3326 306 3392 Gauius,
319 3328 359 3380 M.
373 3328 449 3380 Caius
467 3328 495 3379 in
510 3327 592 3378 eodem
610 3327 684 3379 titulo
702 3329 862 3396 reperiuntur
878 3328 948 3397 apud
962 3329 1129 3380 Mommsenn.
1142 3329 1260 3395 inscript.

106 3414 170 3462 242,
183 3407 212 3449 ut
224 3407 325 3465 uterque
336 3397 415 3450 locum
426 3407 617 3466 praeposterum
633 3397 725 3450 habere
739 3399 874 3464 uideatur,·
891 3418 952 3451 nam
970 3399 1067 3453 Gauius
1083 3399 1155 3450 initio
1171 3415 1258 3451 nomen

104 3478 165 3520 erat
172 3467 339 3536 gentilicium,
351 3469 510 3538 quodpostea
517 3481 671 3538 praenomen
675 3469 782 3535 sactum
795 3480 832 3521 est
843 3471 906 3522 etin
919 3471 996 3522 Caius
1008 3471 1182 3535 immutatum,
1194 3487 1259 3521 neoto

104 3541 193 3592 instar
203 3539 278 3593 habet
290 3541 397 3592 nominis
404 3540 543 3608 gentilicii;
563 3550 590 3591 ut
605 3542 680 3592 iuxta
696 3559 722 3592 se
737 3550 810 3592 stant
822 3540 851 3593 C.
862 3540 966 3609 Valgius
978 3541 1071 3606 Rufius,
1084 3540 1113 3593 C.
1126 3540 1259 3609 Quinctius

107 3608 220 3678 Valgw
238 3611 267 3663 C.
280 3611 392 3662 Licinius
411 3610 485 3676 Stolo,
504 3612 545 3662 M.
562 3613 665 3664 Porcius
683 3611 786 3663 Licinus
803 3608 930 3680 (Licinius
939 3609 973 3679 i),
992 3613 1024 3664 L.
1036 3611 1143 3675 Brutus,
1162 3612 1190 3663 C.
1204 3610 1259 3662 Lu·

104 3683 176 3748 cius,·
195 3681 278 3733 eodem
296 3681 368 3733 modo
384 3700 416 3732 ex
430 3681 557 3750 gentilicio
566 3682 673 3748 sactum
689 3692 728 3734 est
739 3694 893 3751 praenomen
909 3684 961 3735 siue
974 3682 1059 3734 Allius
1076 3683 1128 3734 siue
1139 3681 1258 3736 Mallius.

106 3753 140 3804 Vt
156 3762 185 3804 ut
199 3771 226 3804 se
241 3771 281 3804 res
296 3751 371 3804 hahet
383 3751 504 3804 Mallium
521 3753 591 3821 apud
602 3751 731 3805 Catullum
746 3755 899 3822 scripserim,
911 3772 959 3805 non
972 3753 1120 3818 Manlium
1136 3753 1174 3806 ad
1183 3752 1258 3805 Mal-

104 3823 168 3876 lium
189 3825 255 3875 em'm
269 3835 320 3893 per
339 3823 533 3890 nopouopuaiau
555 3824 648 3889 referri
666 3824 781 3892 Lympha
803 3823 889 3876 Malia
913 3826 940 3876 in
961 3823 1127 3894 ‘Thermopylis
1149 3825 1256 3878 uidetur.

104 3891 182 3962 (Vide
193 3905 279 3948 tamen
293 3893 472 3963 Westphalium
484 3896 510 3946 in
523 3894 652 3946 Translat.
665 3895 732 3947 Catu
742 3893 759 3946 l.
769 3905 816 3963 pp.
829 3892 959 3964 92-100.)

141 3997 181 4048 ,tu
198 3997 318 4048 Mallium
335 3995 591 4051 nummati
684 3997 727 4051 Ad
740 3997 857 4051 Malium
868 4019 887 4052 a
983 3997 1028 4052 Ad
1041 3998 1177 4053 Manlium
1189 4015 1255 4069 prae

103 4069 213 4124 tristitia
225 4081 280 4122 non
293 4085 371 4136 posse
385 4069 519 4122 consolari
531 4069 647 4121 alterum
659 4071 685 4123 h.

141 4178 166 4212 1.
203 4159 304 4227 QroO
375 4156 506 4226 Qidtth
577 4173 709 4226 casusque
722 4158 785 4212 DH.

141 4249 166 4285 2.
202 4225 344 4282 hecflla¹
460 4228 547 4282 mittis
560 4229 648 4283 DOalr
658 4231 696 4283 ed.
706 4232 753 4284 Pr.
867 4229 989 4283 mictisd
1096 4227 1255 4283 mictitLa²

103 4302 184 4352 mittit
200 4311 258 4353 cett.
347 4299 509 4368 epystolium
523 4300 555 4354 G.

139 4389 163 4438 3.
200 4370 369 4437 Naufragum
382 4365 508 4424 Danau
580 4369 786 4438 Naugragumd
860 4366 1034 4431 Naufragium
1046 4381 1105 4425 cett.
1172 4385 1252 4425 erec·

102 4453 161 4496 tum
174 4445 192 4496 ir
262 4450 388 4509 ereptum
400 4442 419 4493 d
488 4441 653 4509 spirantibus
665 4444 683 4493 lr
696 4445 748 4497 Vre.

138 4533 163 4580 5.
199 4515 516 4581 sactaAetLampr.

655 4625 710 4676 Η
