3142 5059
290 377 355 442 104
755 374 978 439 CATVLLI

420 561 506 627 Cum
530 582 586 649 par
608 565 780 626 conubium
804 574 929 628 maturo
951 575 1095 648 tempore
1117 564 1233 648 adepta
1255 575 1317 647 est,

420 676 506 743 Cara
527 679 599 740 uiro
621 679 724 761 magis
746 687 780 741 et
803 680 911 742 minus
933 687 981 742 est
1005 679 1112 741 inuisa
1134 681 1269 763 parenti.

302 863 343 939 β”
377 861 419 926 Et
441 871 477 926 tu
500 883 539 926 ne
561 883 666 948 pugna
689 883 761 928 cum
783 865 842 929 tali
867 868 1003 949 coniuge
1026 867 1128 950 uirg0,

422 973 502 1038 Non
525 995 657 1059 aequom
679 985 728 1040 est
751 996 903 1061 pugnare,
925 987 1017 1061 pater
1039 979 1090 1040 cui
1114 978 1250 1041 tradidit
1273 980 1354 1062 ipsc,
1386 981 1449 1064 (6ο)

421 1088 494 1173 lpse
516 1098 607 1173 pater
629 1109 702 1152 cum
725 1100 840 1175 matre,
861 1093 975 1173 quibus
996 1111 1105 1175 parere
1129 1111 1260 1155 necesse
1282 1102 1342 1155 est.
1399 1121 1434 1171 70

378 1371 556 1457 Virginitas
579 1393 644 1436 non
668 1385 740 1438 tota
761 1383 818 1436 tua
839 1391 900 1458 est,
922 1395 962 1438 ex
983 1385 1073 1459 parte
1096 1384 1264 1460 parentum
1287 1385 1347 1460 est,

420 1487 537 1550 Tertia
558 1506 630 1571 pars
652 1488 777 1571 patrici,
799 1506 870 1570 pars
892 1495 939 1550 cst
960 1488 1037 1551 data
1059 1489 1157 1550 tertia
1178 1489 1287 1571 matri,

419 1598 537 1661 Tertia
558 1598 627 1662 sola
648 1607 704 1662 tua
726 1607 796 1661 est:
825 1598 892 1660 noli
915 1617 1054 1682 pugnare
1076 1597 1208 1682 duobus,

419 1709 485 1798 Qi
507 1731 625 1794 genero
645 1731 702 1774 sua
725 1713 794 1774 iura
814 1712 911 1774 simui
933 1729 1006 1774 cum
1027 1710 1102 1775 dote
1125 1710 1290 1776 dederunt.
1338 1738 1368 1788 75
1384 1715 1445 1796 (65)

376 1874 508 1961 Hymen
530 1895 551 1939 o
571 1875 774 1961 Hymenaee,
797 1876 930 1961 Hymen
951 1874 1070 1939 adeso
1091 1877 1300 1962 Hymenaee!

326 2207 360 2256 66
374 2203 421 2346 (57

326 2279 358 2339 67
390 2281 423 2343 58

290 2357 347 2400 ecit.
435 2347 493 2400 uisa
505 2347 539 2400 H.
575 2349 637 2399 Post
648 2348 713 2398 heure
725 2365 750 2398 u.
762 2345 882 2398 excidisse
893 2365 917 2398 u.
929 2345 1109 2398 intercalarem
1122 2345 1234 2413 Hymen
1246 2363 1265 2398 ο
1278 2346 1442 2416 Hymenaee

290 2419 364 2471 arn.
371 2427 501 2487 putarunt
512 2419 673 2470 Hemaunus
686 2417 812 2486 Hauptius
823 2417 991 2470 Fraehlichius
1001 2417 1141 2469 Pleitaerus
1151 2417 1298 2470 leutscbius
1306 2419 1442 2472 Richterus

290 2489 441 2542 Schwabius
454 2489 588 2541 Frankius.

326 2563 358 2611 68
373 2558 447 2628 (59).
486 2562 553 2612 Ante
564 2560 628 2612 hunc
641 2577 740 2610 uersum
753 2577 829 2610 unum
841 2558 961 2610 excidisse
971 2568 1051 2611 cesuet
1062 2557 1203 2611 Pleitnencs
1301 2555 1329 2605 inl
1347 2569 1374 2606 1¹1
1390 2575 1434 2608 nr(

292 2627 624 2684 ABCGLLa¹La²OVahd
635 2632 709 2683 Goar.
722 2629 752 2680 de
765 2628 834 2681 Allia
943 2631 981 2680 At
992 2637 1024 2682 tu
1035 2644 1087 2682 nec
1099 2627 1131 2680 h²
1239 2627 1277 2681 Et
1287 2635 1337 2682 tua
1348 2645 1401 2684 nec
1414 2635 1442 2685 T.

291 2699 338 2752 Tu
351 2717 405 2754 non
419 2717 470 2754 nec
484 2703 512 2753 D
619 2701 655 2752 Et
666 2707 697 2753 tu
710 2715 744 2752 ne
758 2701 857 2752 Vossius
870 2699 980 2768 Silligius
1081 2701 1119 2753 m
1130 2705 1161 2752 tu
1173 2715 1209 2752 ne
1223 2699 1283 2752 Ala.
1296 2702 1318 2753 1.
1331 2701 1405 2771 uulgo
1416 2713 1442 2756 es

291 2771 398 2827 Lachm.
481 2786 534 2824 con
547 2770 585 2824 h'l.
620 2772 670 2823 Hic
682 2789 758 2824 uuum
771 2789 871 2823 uersum
883 2770 1058 2837 Rossbachius,
1068 2781 1128 2840 post
1140 2773 1155 2821 6
1158 2788 1173 2835 5
1186 2771 1312 2840 Hauptius
1324 2782 1349 2824 et
1361 2772 1441 2826 Pleis-

290 2861 364 2894 nerus
382 2853 480 2895 censent
496 2842 623 2909 excidisse,
642 2853 676 2908 ur,
695 2841 902 2910 quemadmodum
920 2841 1080 2895 amoebaeum
1098 2860 1202 2894 carmen
1217 2839 1336 2912 (ao-58)
1353 2863 1440 2897 nouem

290 2931 377 2966 uersus
401 2915 516 2965 iuuenum
556 2913 726 2978 succedebant,
748 2911 868 2981 (rr-19)
887 2913 970 2964 eodem
994 2914 1065 2966 modo
1088 2931 1175 2966 nouem
1195 2923 1340 2980 sequantur.
1383 2917 1440 2984 Ego

285 2993 345 3053 post
357 3001 381 3036 u.
395 2986 425 3035 61
435 2985 520 3052 potius
565 3003 655 3037 cunam
671 2984 790 3050 indicaui,
802 3002 877 3052 quum
893 2986 920 3037 in
934 2984 974 3035 his
986 2983 1097 3036 uersibus
1109 2983 1173 3036 illud
1183 2983 1296 3038 cosollm
1307 2986 1441 3055 efferasse

291 3054 410 3108 uideatur
425 3065 453 3107 ut
469 3074 501 3106 ex
520 3054 644 3108 uocabulis
662 3057 768 3122 quaein
787 3073 861 3106 uersu
982 3065 1049 3120 sunt,
1066 3074 1143 3108 unum
1161 3055 1263 3122 aliquod
1277 3056 1304 3107 in
1320 3060 1440 3125 proximo

292 3135 419 3196 repeteres.
460 3127 500 3178 Sic
520 3141 610 3194 pugna
631 3140 750 3194 pugnare
770 3123 829 3194 (59,
849 3073 1008 3193 &witer
1028 3133 1107 3194 pater
1126 3125 1185 3195 (6ο,
1199 3123 1257 3195 67),
1278 3134 1356 3192 parte
1378 3143 1440 3194 pam

293 3197 352 3266 (62,
366 3195 415 3266 63)
427 3197 509 3250 tertia
521 3197 603 3250 tertia
615 3195 673 3266 (63,
687 3195 746 3264 64).
782 3195 865 3248 Simili
881 3197 951 3248 modo
966 3198 1036 3265 apud
1049 3197 1204 3250 izenes-itum
1219 3199 1247 3249 in
1261 3196 1363 3250 Helenes
1374 3200 1439 3268 Epi·

292 3267 416 3321 shalomio
429 3287 514 3320 uersus
528 3284 612 3333 49-53
626 3267 720 3337 singuli
732 3285 808 3322 ursum
820 3267 922 3334 aliquod
932 3267 1078 3321 uocabulum
1090 3267 1246 3337 dispositum
1259 3267 1360 3322 habeut.

328 3341 362 3405 ⁶9
376 3337 450 3409 (60).
487 3354 588 3408 equom
601 3342 626 3391 T
716 3352 787 3400 equo
803 3335 1010 3392 CDGLa¹0Vh²
1104 3340 1256 3406 aequoB„
1320 3355 1438 3408 aequum

293 3411 398 3463 ALahd
467 3411 536 3479 patri
549 3407 600 3532 Isth²
650 3407 816 3462 contradidit
828 3407 859 3461 h²
928 3425 995 3476 qum
1008 3407 1086 3478 (cum
1098 3408 1232 3478 Phillipp.)
1244 3408 1327 3462 tdidit
1339 3411 1372 3465 0.

345 3499 361 3533 0
390 3486 421 3533 61
442 3521 448 3535 .
483 3488 557 3534 tacta
600 3519 607 3535 .

327 3497 359 3615 ζα
390 3555 422 3604 62
442 3592 449 3606 .
485 3572 533 3606 om.
547 3554 572 3604 T
635 3550 786 3619 experte&
856 3556 899 3603 est
906 3560 965 3619 post
975 3556 1119 3618 parentum
1131 3570 1180 3604 om
1193 3550 1277 3605 Dabc.

327 3639 360 3686 73
391 3626 406 3674 6
411 3640 423 3688 3
443 3663 449 3676 .
485 3623 583 3676 Tertia
594 3623 677 3690 patris
690 3637 751 3689 pars
763 3628 805 3674 est
816 3620 880 3675 data
891 3621 973 3675 tertia
985 3623 1066 3675 matri
1078 3625 1103 3675 ‘T
1181 3623 1285 3676 Tereia
1296 3639 1357 3690 pm
1368 3625 1438 3692 patri

290 3699 333 3746 est
348 3693 411 3746 data
426 3695 513 3746 tercia
529 3693 609 3746 matri
624 3693 647 3746 0
777 3691 871 3740 'ror-rio
886 3707 944 3754 pair>
958 3692 1025 3754 ymrri
1039 3692 1100 3742 ‹1:1111
1116 3709 1174 3756 yrors
1188 3703 1248 3741 narrar
1263 3702 1340 3742 terrm
1357 3694 1434 3742 numi

442 2245 448 2258 .
484 2203 632 2257 conubium
646 2201 719 2256 Bw
789 2203 946 2270 coniugium
957 2204 984 2256 h.

425 2203 448 2346 i,
484 2277 553 2322 (juro
570 2275 687 2329 GDG‘TO
700 2273 839 2327 Pleisncrus
905 2275 1044 2328 Curacess.
1110 2274 1172 2328 uiro
1184 2275 1299 2329 Deoua
1364 2279 1441 2336 uirgo

293 3762 604 3819 Ancnonna¹no²ou
614 3766 689 3817 Gonr.
701 3763 731 3815 de
743 3762 813 3816 Allia
825 3763 1005 3817 Lachrnanaus
1126 3765 1209 3818 tertia
1220 3781 1282 3832 pars
1293 3765 1363 3833 patri
1375 3765 1438 3819 duta
1551 3778 1552 3793 ³

292 3839 333 3887 est
346 3851 408 3902 pars
420 3833 483 3887 data
495 3835 577 3887 tertia
589 3835 668 3888 matri
681 3836 699 3887 h
823 3833 921 3887 Tertia
937 3851 999 3902 pars
1014 3836 1110 3902 petrin
1122 3835 1221 3905 (patris
1233 3843 1275 3889 est
1287 3839 1403 3889 Mamas
1414 3848 1438 3889 et

293 3906 390 3958 Vossius
403 3906 473 3973 patri
486 3905 653 3958 Froehlicbius
663 3902 813 3974 Hauptius),
825 3921 887 3972 pars
899 3912 941 3958 est
953 3905 1016 3959 data
1027 3907 1109 3959 tertia
1120 3907 1201 3959 matri
1213 3908 1330 3961 Muretus
1340 3910 1437 3960 Vossius

253 4022 255 4026 .
291 3977 387 4046 Haupt.
407 3977 504 4030 Froehl.
522 3977 615 4046 Bergk.
634 3975 722 4029 Rossb.
741 3975 862 4030 Schwab.
880 3976 914 4044 cf.
932 3978 1018 4031 Mari.
1036 3979 1213 4042 XIV.174.2
1235 3978 1302 4031 Pam
1321 3985 1364 4032 est
1384 3995 1437 4032 una

290 4048 388 4116 patris:
408 4052 500 4100 cetera
513 4048 606 4100 matris
619 4047 709 4100 habet.

328 4135 361 4182 74
375 4116 450 4188 (64).
486 4117 584 4171 Tertia
596 4119 653 4171 sola
666 4116 706 4188 (n.
710 4115 755 4186 s.)
767 4124 798 4171 tu
810 4125 853 4171 est
864 4119 920 4170 noli
932 4119 1056 4185 tuignare
1068 4118 1175 4172 duobus
1186 4123 1212 4172 Τ
1320 4120 1377 4174 sola
1389 4140 1436 4174 osa.

289 4191 372 4260 spatio
384 4189 469 4243 relicto
480 4188 511 4241 h²
568 4259 580 4300 π
593 4195 635 4242 est
647 4208 696 4243 om.
707 4187 756 4242 al>²
839 4191 921 4242 tua’st
932 4190 1092 4244 Schwabius.

327 4277 359 4326 75
374 4259 448 4402 (65).
484 4275 536 4314 con
549 4262 588 4314 h.

390 4336 423 4384 66
441 4373 448 4386 ,
484 4331 599 4385 krmeno
611 4331 742 4400 krmenee
756 4330 919 4384 krmenades
931 4346 965 4385 ⁶0·
978 4331 1126 4386 krrneneae
1139 4334 1164 4384 T
1230 4349 1248 4386 o
1260 4332 1381 4402 hymene
1390 4334 1423 4388 G.

326 4337 360 4397 76
