3142 5059
300 385 358 444 8⁴2
757 375 980 441 EXCVRSVX

341 563 435 626 Funus
448 565 478 624 in
493 562 561 624 Vite
574 560 684 640 Vergili
698 561 930 641 (Reylierseheid
943 559 1067 621 Suetoni
1079 557 1184 636 Relliq.
1198 557 1313 632 68-72)

465 707 537 790 Tups
550 709 601 768 u'bc
617 707 752 780 Sironem,
767 707 825 768 sui
832 707 948 768 contuli
958 710 1019 783 ipso
1032 705 1200 784 nogium

462 807 556 866 Romo
566 813 667 883 potuis,
675 817 853 883 proceresque
865 825 929 864 suus
942 807 1091 864 concisuri
1100 806 1210 862 anuos.

462 906 557 965 Pollu
569 903 718 963 Maecenas
732 903 860 964 Varius
882 903 1028 966 cornelius
1039 903 1142 960 ardent

464 1001 508 1062 Et
518 1003 575 1062 ss'hc'
585 1005 697 1080 qm'sqm
709 1005 789 1080 rapi!
794 1013 847 1080 per
859 1009 884 1062 te
896 1005 1025 1061 siturus
1038 1005 1068 1060 in
1081 1019 1187 1060 ocum

301 1153 352 1214 ubi
365 1152 548 1214 Weichertus
560 1152 630 1230 legit
645 1152 767 1214 Verus.

340 1314 473 1376 Valerius
487 1313 600 1375 Probus
614 1315 645 1374 in
659 1314 728 1375 Vita
741 1312 853 1390 Vergili
867 1310 977 1390 (Reyff.
992 1314 1108 1388 52-54)

423 1471 471 1531 53.
487 1475 505 1529 4
527 1453 685 1514 Rursum
698 1453 821 1532 benefico
833 1452 937 1531 Alfeni
947 1451 1031 1511 Vari

425 1569 504 1628 54.1
531 1551 613 1626 Quod
629 1559 656 1611 et
674 1551 793 1612 Serusiu
815 1551 929 1611 Varus
956 1549 1084 1626 (smus
1103 1547 1217 1608 Veros
1245 1547 1312 1608 coo
1330 1546 1373 1621 V)
1395 1547 1451 1604 boc

565 1658 682 1712 tutatio
694 1653 900 1730 epigrammate.
1361 1669 1369 1680 ·

530 1781 620 1843 Tucca
640 1789 717 1843 uetat
736 1781 921 1860 Varusque
947 1779 1033 1841 simul
1054 1779 1109 1854 (sic
1130 1797 1235 1840 omnes
1253 1779 1341 1841 cndu
1354 1775 1450 1856 Reyf-

568 1881 753 1956 lerscheidii).

346 2047 486 2110 Martialis
499 2047 586 2108 VIII.
604 2050 649 2108 18.
665 2060 682 2123 ¹1
704 2045 748 2106 E!
767 2045 875 2106 Vario
898 2047 978 2106 cessei
987 2044 1354 2105 Romon'loudecothurni

428 2173 547 2248 (Vario
565 2171 754 2245 I'husnueus,
768 2169 881 2231 Varro
902 2171 962 2247 alii)

603 2342 649 2415 56.
667 2358 701 2400 rr

631 2479 708 2554 Quid
724 2479 850 2542 Varios
869 2477 1038 2556 Marcoque
1050 2481 1171 2556 loquor?

428 2631 554 2706 (Veros
574 2631 714 2710 plerique,
729 2629 860 2692 Varros
880 2631 941 2704 ulii)

467 2770 535 2830 XII.
551 2792 579 2845 4.
597 2791 610 2831 1
637 2770 719 2844 Quod
735 2771 838 2832 Macco
865 2771 1040 2848 Varioque
1063 2769 1134 2848 suci
1152 2785 1306 2844 stannoque
1324 2765 1457 2826 Maroni

628 2868 777 2930 Maecenas

631 3009 764 3085 (Varro,
778 3009 872 3070 Varo
892 3010 962 3084 olii).

346 3155 470 3218 Possum
490 3157 582 3218 multa
598 3159 654 3218 alia
667 3159 803 3236 exempla
816 3159 932 3231 addere,
946 3157 1000 3218 sed
1011 3157 1087 3217 haec
1099 3156 1171 3216 satis
1191 3155 1310 3216 suntad
1324 3154 1450 3215 demon-

305 3259 456 3318 strandum
469 3257 499 3317 id
513 3257 594 3335 quod
611 3259 678 3330 dlxi,
693 3259 778 3318 toties
792 3257 949 3336 permutari
962 3257 1037 3317 inter
1056 3274 1089 3315 se
1102 3254 1195 3328 Vari,
1209 3254 1307 3314 Varii
1327 3256 1450 3314 uomina

305 3367 337 3416 ut
365 3357 451 3416 etium
479 3367 580 3416 contra
608 3357 724 3418 codices
748 3357 914 3416 alterutrum
942 3355 1128 3415 scribendum
1155 3355 1193 3414 sit
1218 3363 1306 3431 prout
1329 3372 1378 3413 res
1401 3353 1450 3414 uel

305 3473 408 3515 uersus
422 3454 547 3532 postulet
563 3457 644 3516 ratio.
690 3454 766 3514 Vide
781 3453 976 3515 Ribbeckim
989 3453 1020 3513 iu
1034 3452 1199 3530 Prolegom.
1214 3450 1323 3528 Vergil.
1337 3470 1368 3530 p.
1381 3470 1448 3511 ror.

305 3552 408 3632 Itaque
429 3553 540 3614 Varus
562 3551 677 3615 Catullo
691 3553 729 3612 X.
747 3571 759 3612 1
776 3552 894 3613 restitui

659 3795 853 3856 Arunculeius
866 3792 1088 3854 Aurunculeius.

346 3924 410 3984 Liu.
424 3923 552 3985 XXVII.
568 3927 586 3984 6
608 3925 867 3987 Aurunculeius
885 3924 995 3986 habent
1014 3924 1133 3984 codices
1154 3921 1237 3982 Hsrl.
1254 3940 1342 3998 2493,
1356 3921 1448 3983 sum.

310 4029 451 4102 198‚199
483 4025 717 4086 Arunculeius
748 4025 837 4085 Burn.
863 4043 929 4084 nor.
984 4023 1154 4097 XXVH.·1
1187 4021 1450 4082 Aurunculeius

307 4123 545 4184 Aurunculeio
567 4121 650 4184 Harl
667 4122 933 4202 2493,Bum198‚
953 4121 1212 4182 Aurunculeius
1231 4120 1449 4181 Arunculeio

308 4223 395 4282 Burn.
415 4243 480 4300 199,
505 4223 740 4283 Arunculeius
768 4222 1008 4283 Aurunculeio
1035 4220 1123 4279 Burn.
1148 4238 1215 4279 nor.
1256 4217 1387 4278 XXVII.
1409 4238 1445 4293 41

306 4321 545 4381 Aurunculeio
579 4319 668 4405 Buris.
699 4323 755 4398 198
792 4319 1006 4380 Arunculeio
1041 4317 1123 4377 Harl.
1153 4335 1242 4393 2493,
1269 4315 1359 4374 Burn.
1390 4335 1445 4376 201

308 4419 485 4480 Arunculo
509 4419 598 4481 Burn.
616 4438 682 4497 199.
735 4419 876 4480 XXXVI.
899 4438 935 4495 45
965 4417 1224 4478 Aurunculeius
1252 4415 1336 4478 Harl.
1359 4435 1448 4491 2493,
