<?xml version="1.0" encoding="UTF-8"?>
<!DOCTYPE html PUBLIC "-//W3C//DTD XHTML 1.0 Transitional//EN"
    "http://www.w3.org/TR/xhtml1/DTD/xhtml1-transitional.dtd">
<html xmlns="http://www.w3.org/1999/xhtml" xml:lang="en" lang="en">
 <head>
  <title>
</title>
<meta http-equiv="Content-Type" content="text/html;charset=utf-8" />
  <meta name='ocr-system' content='tesseract 3.04.00' />
  <meta name='ocr-capabilities' content='ocr_page ocr_carea ocr_par ocr_line ocrx_word'/>
</head>
<body>
  <div class='ocr_page' id='page_1' title='image "./catulliveronens01elligoog_0277.png"; bbox 0 0 3142 5059; ppageno 0'>
   <div class='ocr_carea' id='block_1_1' title="bbox 474 353 1272 418">
    <p class='ocr_par' dir='ltr' id='par_1_1' title="bbox 474 353 1272 418">
     <span class='ocr_line' id='line_1_1' title="bbox 474 353 1272 418; baseline -0.013 -1"><span class='ocrx_word' id='word_1_1' title='bbox 474 356 702 418; x_wconf 82' lang='lat' dir='ltr'><strong>CARMINVM</strong></span> <span class='ocrx_word' id='word_1_2' title='bbox 727 353 917 415; x_wconf 82' lang='lat' dir='ltr'>CATVLLI.</span> <span class='ocrx_word' id='word_1_3' title='bbox 1213 354 1272 407; x_wconf 85' lang='grc'><strong>263</strong></span> 
     </span>
    </p>
   </div>
   <div class='ocr_carea' id='block_1_2' title="bbox 108 537 1289 4153">
    <p class='ocr_par' dir='ltr' id='par_1_2' title="bbox 108 537 1277 1403">
     <span class='ocr_line' id='line_1_2' title="bbox 108 537 1274 621; baseline -0.015 -9"><span class='ocrx_word' id='word_1_4' title='bbox 108 608 114 612; x_wconf 91' lang='grc'>.</span> <span class='ocrx_word' id='word_1_5' title='bbox 158 547 313 609; x_wconf 89' lang='lat' dir='ltr'><strong>Mesodon</strong></span> <span class='ocrx_word' id='word_1_6' title='bbox 334 547 462 621; x_wconf 78' lang='lat'><strong>(46-75)</strong></span> <span class='ocrx_word' id='word_1_7' title='bbox 483 543 660 604; x_wconf 90' lang='lat' dir='ltr'><strong>antecedunt</strong></span> <span class='ocrx_word' id='word_1_8' title='bbox 681 541 818 618; x_wconf 85' lang='lat' dir='ltr'>strophae</span> <span class='ocrx_word' id='word_1_9' title='bbox 841 556 959 611; x_wconf 90' lang='lat' dir='ltr'><strong>nouem,</strong></span> <span class='ocrx_word' id='word_1_10' title='bbox 982 556 1058 614; x_wconf 89' lang='lat' dir='ltr'><strong>quae</strong></span> <span class='ocrx_word' id='word_1_11' title='bbox 1080 555 1178 597; x_wconf 84' lang='lat' dir='ltr'><strong>rursus</strong></span> <span class='ocrx_word' id='word_1_12' title='bbox 1199 537 1274 597; x_wconf 90' lang='lat' dir='ltr'><strong>scin·</strong></span> 
     </span>
     <span class='ocr_line' id='line_1_3' title="bbox 108 632 1274 722; baseline -0.009 -17"><span class='ocrx_word' id='word_1_13' title='bbox 108 646 230 711; x_wconf 90' lang='lat' dir='ltr'><strong>duntur</strong></span> <span class='ocrx_word' id='word_1_14' title='bbox 255 646 314 703; x_wconf 91' lang='lat' dir='ltr'><strong>hoc</strong></span> <span class='ocrx_word' id='word_1_15' title='bbox 343 644 443 713; x_wconf 93' lang='lat' dir='ltr'><strong>modo,</strong></span> <span class='ocrx_word' id='word_1_16' title='bbox 472 642 512 722; x_wconf 78' lang='lat' dir='ltr'><strong>(a)</strong></span> <span class='ocrx_word' id='word_1_17' title='bbox 545 655 622 713; x_wconf 89' lang='lat'>1-15</span> <span class='ocrx_word' id='word_1_18' title='bbox 648 638 802 697; x_wconf 80' lang='lat' dir='ltr'><strong>inuocatio</strong></span> <span class='ocrx_word' id='word_1_19' title='bbox 831 637 1007 714; x_wconf 82' lang='lat' dir='ltr'><strong>Hymenaei,</strong></span> <span class='ocrx_word' id='word_1_20' title='bbox 1037 632 1082 712; x_wconf 80' lang='grc' dir='ltr'><strong>(β)</strong></span> <span class='ocrx_word' id='word_1_21' title='bbox 1106 635 1274 712; x_wconf 87' lang='lat' dir='ltr'><strong>Descriptio</strong></span> 
     </span>
     <span class='ocr_line' id='line_1_4' title="bbox 108 731 1274 820; baseline -0.009 -19"><span class='ocrx_word' id='word_1_22' title='bbox 108 752 241 818; x_wconf 86' lang='lat' dir='ltr'>nuptae,</span> <span class='ocrx_word' id='word_1_23' title='bbox 263 738 319 820; x_wconf 76' lang='lat' dir='ltr'><strong>(d&#39;)</strong></span> <span class='ocrx_word' id='word_1_24' title='bbox 341 741 442 799; x_wconf 83' lang='lat' dir='ltr'><strong>Altera</strong></span> <span class='ocrx_word' id='word_1_25' title='bbox 462 738 611 797; x_wconf 89' lang='lat' dir='ltr'><strong>inuocatio</strong></span> <span class='ocrx_word' id='word_1_26' title='bbox 632 735 807 812; x_wconf 83' lang='lat' dir='ltr'><strong>Hymenaei,</strong></span> <span class='ocrx_word' id='word_1_27' title='bbox 829 732 872 813; x_wconf 81' lang='grc' dir='ltr'><strong>(γ)</strong></span> <span class='ocrx_word' id='word_1_28' title='bbox 893 734 1051 792; x_wconf 89' lang='lat' dir='ltr'><strong>Adlocutio</strong></span> <span class='ocrx_word' id='word_1_29' title='bbox 1071 731 1109 791; x_wconf 92' lang='lat' dir='ltr'><strong>ad</strong></span> <span class='ocrx_word' id='word_1_30' title='bbox 1128 732 1274 809; x_wconf 83' lang='lat' dir='ltr'><strong>Virgines</strong></span> 
     </span>
     <span class='ocr_line' id='line_1_5' title="bbox 110 830 1275 912; baseline -0.008 -13"><span class='ocrx_word' id='word_1_31' title='bbox 110 840 247 903; x_wconf 90' lang='lat' dir='ltr'><strong>Numeri</strong></span> <span class='ocrx_word' id='word_1_32' title='bbox 261 848 329 897; x_wconf 91' lang='lat' dir='ltr'><strong>sunt</strong></span> <span class='ocrx_word' id='word_1_33' title='bbox 344 856 421 912; x_wconf 85' lang='grc'><strong>3222</strong></span> <span class='ocrx_word' id='word_1_34' title='bbox 438 837 485 895; x_wconf 91' lang='lat' dir='ltr'><strong>uel</strong></span> <span class='ocrx_word' id='word_1_35' title='bbox 499 836 597 912; x_wconf 93' lang='lat' dir='ltr'><strong>potius</strong></span> <span class='ocrx_word' id='word_1_36' title='bbox 613 853 670 908; x_wconf 92' lang='grc'><strong>322</strong></span> <span class='ocrx_word' id='word_1_37' title='bbox 680 843 706 899; x_wconf 82' lang='lat'>÷</span> <span class='ocrx_word' id='word_1_38' title='bbox 717 853 743 891; x_wconf 88' lang='grc'><strong>2.</strong></span> <span class='ocrx_word' id='word_1_39' title='bbox 772 832 854 891; x_wconf 90' lang='lat' dir='ltr'><strong>Bene</strong></span> <span class='ocrx_word' id='word_1_40' title='bbox 869 833 948 890; x_wconf 91' lang='lat' dir='ltr'><strong>enim</strong></span> <span class='ocrx_word' id='word_1_41' title='bbox 962 832 1100 890; x_wconf 90' lang='lat' dir='ltr'><strong>obseruat</strong></span> <span class='ocrx_word' id='word_1_42' title='bbox 1114 830 1275 890; x_wconf 89' lang='lat' dir='ltr'><strong>Pleitnerus</strong></span> 
     </span>
     <span class='ocr_line' id='line_1_6' title="bbox 118 929 1275 1011; baseline -0.006 -14"><span class='ocrx_word' id='word_1_43' title='bbox 118 953 230 1011; x_wconf 84' lang='lat'><strong>15-20</strong></span> <span class='ocrx_word' id='word_1_44' title='bbox 250 936 381 1011; x_wconf 83' lang='lat' dir='ltr'><em>Namque</em></span> <span class='ocrx_word' id='word_1_45' title='bbox 404 933 493 992; x_wconf 79' lang='lat' dir='ltr'><strong>Iuneh</strong></span> <span class='ocrx_word' id='word_1_46' title='bbox 514 931 620 991; x_wconf 79' lang='lat' dir='ltr'><strong>Mallio</strong></span> <span class='ocrx_word' id='word_1_47' title='bbox 644 936 736 989; x_wconf 65' lang='lat' dir='ltr'><strong>enh.</strong></span> <span class='ocrx_word' id='word_1_48' title='bbox 761 948 829 989; x_wconf 90' lang='lat' dir='ltr'><strong>curn</strong></span> <span class='ocrx_word' id='word_1_49' title='bbox 858 947 993 988; x_wconf 89' lang='lat' dir='ltr'><strong>summan</strong></span> <span class='ocrx_word' id='word_1_50' title='bbox 1021 929 1157 987; x_wconf 85' lang='lat' dir='ltr'><strong>carminis</strong></span> <span class='ocrx_word' id='word_1_51' title='bbox 1184 930 1215 987; x_wconf 93' lang='lat' dir='ltr'><strong>in</strong></span> <span class='ocrx_word' id='word_1_52' title='bbox 1243 947 1275 990; x_wconf 90' lang='lat' dir='ltr'><strong>se</strong></span> 
     </span>
     <span class='ocr_line' id='line_1_7' title="bbox 112 1025 1277 1102; baseline -0.009 -7"><span class='ocrx_word' id='word_1_53' title='bbox 112 1036 252 1095; x_wconf 89' lang='lat' dir='ltr'><strong>habeant</strong></span> <span class='ocrx_word' id='word_1_54' title='bbox 265 1033 401 1093; x_wconf 89' lang='lat' dir='ltr'><strong>consulto</strong></span> <span class='ocrx_word' id='word_1_55' title='bbox 413 1032 445 1090; x_wconf 90' lang='lat' dir='ltr'><strong>in</strong></span> <span class='ocrx_word' id='word_1_56' title='bbox 458 1030 557 1090; x_wconf 90' lang='lat' dir='ltr'><strong>medio</strong></span> <span class='ocrx_word' id='word_1_57' title='bbox 572 1029 731 1088; x_wconf 90' lang='lat' dir='ltr'><strong>collocatos</strong></span> <span class='ocrx_word' id='word_1_58' title='bbox 746 1046 811 1086; x_wconf 88' lang='lat' dir='ltr'><strong>esse</strong></span> <span class='ocrx_word' id='word_1_59' title='bbox 826 1045 844 1085; x_wconf 88' lang='lat' dir='ltr'><strong>a</strong></span> <span class='ocrx_word' id='word_1_60' title='bbox 858 1025 981 1085; x_wconf 89' lang='lat' dir='ltr'><strong>Catullo.</strong></span> <span class='ocrx_word' id='word_1_61' title='bbox 1021 1025 1175 1085; x_wconf 84' lang='lat' dir='ltr'><strong>Habemus</strong></span> <span class='ocrx_word' id='word_1_62' title='bbox 1190 1026 1277 1102; x_wconf 84' lang='lat' dir='ltr'><strong>igitur</strong></span> 
     </span>
     <span class='ocr_line' id='line_1_8' title="bbox 114 1123 1277 1206; baseline -0.006 -15"><span class='ocrx_word' id='word_1_63' title='bbox 114 1132 314 1191; x_wconf 86' lang='lat' dir='ltr'><strong>Prooemium</strong></span> <span class='ocrx_word' id='word_1_64' title='bbox 338 1130 474 1206; x_wconf 87' lang='lat' dir='ltr'><strong>strophas</strong></span> <span class='ocrx_word' id='word_1_65' title='bbox 498 1146 607 1186; x_wconf 92' lang='lat' dir='ltr'><strong>nouem</strong></span> <span class='ocrx_word' id='word_1_66' title='bbox 632 1129 747 1200; x_wconf 86' lang='lat'>(1-45)‚</span> <span class='ocrx_word' id='word_1_67' title='bbox 772 1125 879 1184; x_wconf 89' lang='lat' dir='ltr'><strong>deinde</strong></span> <span class='ocrx_word' id='word_1_68' title='bbox 907 1143 959 1183; x_wconf 85' lang='lat' dir='ltr'><strong>sex</strong></span> <span class='ocrx_word' id='word_1_69' title='bbox 984 1123 1141 1184; x_wconf 91' lang='lat' dir='ltr'><strong>Mesodon.</strong></span> <span class='ocrx_word' id='word_1_70' title='bbox 1193 1123 1277 1195; x_wconf 90' lang='lat' dir='ltr'><strong>Quot</strong></span> 
     </span>
     <span class='ocr_line' id='line_1_9' title="bbox 115 1221 1277 1300; baseline -0.006 -10"><span class='ocrx_word' id='word_1_71' title='bbox 115 1230 276 1290; x_wconf 89' lang='lat' dir='ltr'><strong>Mesodon</strong></span> <span class='ocrx_word' id='word_1_72' title='bbox 291 1239 408 1288; x_wconf 89' lang='lat' dir='ltr'><strong>secutae</strong></span> <span class='ocrx_word' id='word_1_73' title='bbox 423 1229 489 1297; x_wconf 90' lang='lat' dir='ltr'><strong>sint,</strong></span> <span class='ocrx_word' id='word_1_74' title='bbox 500 1245 562 1285; x_wconf 91' lang='lat' dir='ltr'><strong>non</strong></span> <span class='ocrx_word' id='word_1_75' title='bbox 576 1226 634 1282; x_wconf 90' lang='lat' dir='ltr'><strong>iam</strong></span> <span class='ocrx_word' id='word_1_76' title='bbox 649 1243 667 1283; x_wconf 91' lang='lat' dir='ltr'><strong>a</strong></span> <span class='ocrx_word' id='word_1_77' title='bbox 680 1225 832 1283; x_wconf 88' lang='lat' dir='ltr'><strong>codicibus</strong></span> <span class='ocrx_word' id='word_1_78' title='bbox 847 1233 975 1300; x_wconf 89' lang='lat' dir='ltr'><strong>apparet.</strong></span> <span class='ocrx_word' id='word_1_79' title='bbox 1018 1223 1060 1281; x_wconf 96' lang='lat' dir='ltr'><strong>Hi</strong></span> <span class='ocrx_word' id='word_1_80' title='bbox 1075 1224 1153 1282; x_wconf 90' lang='lat' dir='ltr'><strong>enim</strong></span> <span class='ocrx_word' id='word_1_81' title='bbox 1167 1221 1277 1283; x_wconf 89' lang='lat' dir='ltr'><strong>habent</strong></span> 
     </span>
     <span class='ocr_line' id='line_1_10' title="bbox 116 1323 879 1403; baseline -0.012 -15"><span class='ocrx_word' id='word_1_82' title='bbox 116 1346 229 1389; x_wconf 85' lang='lat' dir='ltr'><strong>uersus</strong></span> <span class='ocrx_word' id='word_1_83' title='bbox 244 1340 291 1403; x_wconf 79' lang='lat'><strong>37.</strong></span> <span class='ocrx_word' id='word_1_84' title='bbox 334 1326 453 1387; x_wconf 90' lang='lat' dir='ltr'><strong>Horum</strong></span> <span class='ocrx_word' id='word_1_85' title='bbox 467 1325 518 1400; x_wconf 92' lang='lat' dir='ltr'><strong>qui</strong></span> <span class='ocrx_word' id='word_1_86' title='bbox 533 1342 584 1382; x_wconf 86' lang='lat' dir='ltr'><strong>sex</strong></span> <span class='ocrx_word' id='word_1_87' title='bbox 598 1325 629 1381; x_wconf 91' lang='lat' dir='ltr'><strong>in</strong></span> <span class='ocrx_word' id='word_1_88' title='bbox 643 1323 788 1399; x_wconf 90' lang='lat' dir='ltr'><strong>principio</strong></span> <span class='ocrx_word' id='word_1_89' title='bbox 802 1331 879 1380; x_wconf 90' lang='lat' dir='ltr'><strong>stant</strong></span> 
     </span>
    </p>

    <p class='ocr_par' dir='ltr' id='par_1_3' title="bbox 455 1421 839 1494">
     <span class='ocr_line' id='line_1_11' title="bbox 455 1421 839 1494; baseline -0.018 -11"><span class='ocrx_word' id='word_1_90' title='bbox 455 1422 594 1483; x_wconf 82' lang='lat' dir='ltr'><strong>Claustra</strong></span> <span class='ocrx_word' id='word_1_91' title='bbox 603 1421 718 1494; x_wconf 79' lang='lat' dir='ltr'><strong>pandr&#39;te</strong></span> <span class='ocrx_word' id='word_1_92' title='bbox 731 1422 839 1477; x_wconf 71' lang='lat' dir='ltr'><strong>canuae.</strong></span> 
     </span>
    </p>

    <p class='ocr_par' dir='ltr' id='par_1_4' title="bbox 461 1515 909 1596">
     <span class='ocr_line' id='line_1_12' title="bbox 461 1515 909 1596; baseline -0.004 -20"><span class='ocrx_word' id='word_1_93' title='bbox 461 1519 546 1594; x_wconf 76' lang='lat' dir='ltr'><strong>Virgo</strong></span> <span class='ocrx_word' id='word_1_94' title='bbox 559 1518 642 1575; x_wconf 85' lang='lat' dir='ltr'><strong>adest.</strong></span> <span class='ocrx_word' id='word_1_95' title='bbox 692 1515 776 1574; x_wconf 74' lang='lat' dir='ltr'><strong>Wilen</strong></span> <span class='ocrx_word' id='word_1_96' title='bbox 790 1517 909 1596; x_wconf 79' lang='lat' dir='ltr'><strong>utfaees</strong></span> 
     </span>
    </p>

    <p class='ocr_par' dir='ltr' id='par_1_5' title="bbox 454 1615 887 1692">
     <span class='ocr_line' id='line_1_13' title="bbox 454 1615 887 1692; baseline -0.012 -17"><span class='ocrx_word' id='word_1_97' title='bbox 454 1615 620 1692; x_wconf 79' lang='lat' dir='ltr'><strong>Splendtilas</strong></span> <span class='ocrx_word' id='word_1_98' title='bbox 633 1616 763 1689; x_wconf 61' lang='lat' dir='ltr'><strong>qualemn!</strong></span> <span class='ocrx_word' id='word_1_99' title='bbox 773 1618 887 1671; x_wconf 71' lang='lat' dir='ltr'><strong>comas)</strong></span> 
     </span>
    </p>

    <p class='ocr_par' dir='ltr' id='par_1_6' title="bbox 458 1711 820 1788">
     <span class='ocr_line' id='line_1_14' title="bbox 458 1711 820 1788; baseline 0 -19"><span class='ocrx_word' id='word_1_100' title='bbox 458 1711 564 1770; x_wconf 75' lang='lat' dir='ltr'><strong>Taedet</strong></span> <span class='ocrx_word' id='word_1_101' title='bbox 576 1714 711 1788; x_wconf 73' lang='lat' dir='ltr'><strong>mgentem·</strong></span> <span class='ocrx_word' id='word_1_102' title='bbox 719 1712 820 1786; x_wconf 81' lang='lat' dir='ltr'><strong>pudor.</strong></span> 
     </span>
    </p>

    <p class='ocr_par' dir='ltr' id='par_1_7' title="bbox 458 1808 879 1884">
     <span class='ocr_line' id='line_1_15' title="bbox 458 1808 879 1884; baseline -0.007 -17"><span class='ocrx_word' id='word_1_103' title='bbox 458 1809 543 1881; x_wconf 81' lang='lat' dir='ltr'><strong>Quem</strong></span> <span class='ocrx_word' id='word_1_104' title='bbox 556 1815 645 1867; x_wconf 77' lang='lat' dir='ltr'><strong>tamen</strong></span> <span class='ocrx_word' id='word_1_105' title='bbox 660 1810 751 1884; x_wconf 79' lang='lat' dir='ltr'><strong>magis</strong></span> <span class='ocrx_word' id='word_1_106' title='bbox 764 1808 879 1865; x_wconf 64' lang='lat' dir='ltr'><strong>audreas</strong></span> 
     </span>
    </p>

    <p class='ocr_par' dir='ltr' id='par_1_8' title="bbox 124 1908 1286 3269">
     <span class='ocr_line' id='line_1_16' title="bbox 454 1908 831 1984; baseline -0.005 -18"><span class='ocrx_word' id='word_1_107' title='bbox 454 1908 521 1967; x_wconf 83' lang='lat' dir='ltr'><strong>Flet</strong></span> <span class='ocrx_word' id='word_1_108' title='bbox 532 1909 606 1984; x_wconf 82' lang='lat' dir='ltr'><strong>quod</strong></span> <span class='ocrx_word' id='word_1_109' title='bbox 616 1911 659 1965; x_wconf 81' lang='lat' dir='ltr'><strong>r&#39;re</strong></span> <span class='ocrx_word' id='word_1_110' title='bbox 672 1927 773 1966; x_wconf 84' lang='lat' dir='ltr'><strong>necesse</strong></span> <span class='ocrx_word' id='word_1_111' title='bbox 786 1912 831 1977; x_wconf 78' lang='lat' dir='ltr'><strong>est,</strong></span> 
     </span>
     <span class='ocr_line' id='line_1_17' title="bbox 124 2020 1280 2104; baseline -0.003 -19"><span class='ocrx_word' id='word_1_112' title='bbox 124 2026 259 2104; x_wconf 85' lang='lat' dir='ltr'><strong>plerique</strong></span> <span class='ocrx_word' id='word_1_113' title='bbox 280 2033 350 2101; x_wconf 91' lang='lat' dir='ltr'><strong>post</strong></span> <span class='ocrx_word' id='word_1_114' title='bbox 370 2023 595 2082; x_wconf 88' lang='lat' dir='ltr'><strong>Lachmannum</strong></span> <span class='ocrx_word' id='word_1_115' title='bbox 616 2024 659 2081; x_wconf 91' lang='lat' dir='ltr'><strong>sic</strong></span> <span class='ocrx_word' id='word_1_116' title='bbox 679 2030 874 2099; x_wconf 91' lang='lat' dir='ltr'><strong>transponunt</strong></span> <span class='ocrx_word' id='word_1_117' title='bbox 894 2031 926 2080; x_wconf 91' lang='lat' dir='ltr'><strong>ut</strong></span> <span class='ocrx_word' id='word_1_118' title='bbox 946 2022 1063 2098; x_wconf 91' lang='lat' dir='ltr'><strong>quintus</strong></span> <span class='ocrx_word' id='word_1_119' title='bbox 1087 2020 1171 2093; x_wconf 74' lang='lat' dir='ltr'><strong>Quem</strong></span> <span class='ocrx_word' id='word_1_120' title='bbox 1191 2028 1280 2083; x_wconf 84' lang='lat' dir='ltr'><strong>lamen</strong></span> 
     </span>
     <span class='ocr_line' id='line_1_18' title="bbox 125 2120 1281 2200; baseline -0.001 -19"><span class='ocrx_word' id='word_1_121' title='bbox 125 2126 222 2200; x_wconf 72' lang='lat' dir='ltr'><strong>magri</strong></span> <span class='ocrx_word' id='word_1_122' title='bbox 237 2123 352 2180; x_wconf 62' lang='lat' dir='ltr'><strong>audem</strong></span> <span class='ocrx_word' id='word_1_123' title='bbox 370 2132 506 2197; x_wconf 91' lang='lat' dir='ltr'><strong>sequatur</strong></span> <span class='ocrx_word' id='word_1_124' title='bbox 522 2122 606 2194; x_wconf 85' lang='lat'>(106)</span> <span class='ocrx_word' id='word_1_125' title='bbox 623 2130 764 2197; x_wconf 86' lang='lat' dir='ltr'><strong>tanquam</strong></span> <span class='ocrx_word' id='word_1_126' title='bbox 783 2120 898 2177; x_wconf 90' lang='lat' dir='ltr'><strong>initium</strong></span> <span class='ocrx_word' id='word_1_127' title='bbox 919 2120 1055 2196; x_wconf 84' lang='lat' dir='ltr'><strong>strophae</strong></span> <span class='ocrx_word' id='word_1_128' title='bbox 1079 2121 1160 2179; x_wconf 91' lang='lat' dir='ltr'><strong>cuius</strong></span> <span class='ocrx_word' id='word_1_129' title='bbox 1180 2122 1281 2180; x_wconf 90' lang='lat' dir='ltr'><strong>tertius</strong></span> 
     </span>
     <span class='ocr_line' id='line_1_19' title="bbox 126 2216 1281 2293; baseline -0.003 -13"><span class='ocrx_word' id='word_1_130' title='bbox 126 2238 233 2280; x_wconf 87' lang='lat' dir='ltr'><strong>uersus</strong></span> <span class='ocrx_word' id='word_1_131' title='bbox 252 2221 290 2278; x_wconf 91' lang='lat' dir='ltr'><strong>sit</strong></span> <span class='ocrx_word' id='word_1_132' title='bbox 312 2218 339 2277; x_wconf 94' lang='lat'><strong><em>0</em></strong></span> <span class='ocrx_word' id='word_1_133' title='bbox 358 2218 445 2276; x_wconf 79' lang='lat' dir='ltr'><strong>cubrle</strong></span> <span class='ocrx_word' id='word_1_134' title='bbox 466 2218 540 2293; x_wconf 80' lang='lat' dir='ltr'><strong>qaod</strong></span> <span class='ocrx_word' id='word_1_135' title='bbox 556 2217 687 2276; x_wconf 72' lang='lat' dir='ltr'><strong>matheo.</strong></span> <span class='ocrx_word' id='word_1_136' title='bbox 738 2216 845 2275; x_wconf 88' lang='lat' dir='ltr'><strong>Melius</strong></span> <span class='ocrx_word' id='word_1_137' title='bbox 865 2236 913 2275; x_wconf 91' lang='lat' dir='ltr'><strong>me</strong></span> <span class='ocrx_word' id='word_1_138' title='bbox 934 2218 1023 2277; x_wconf 91' lang='lat' dir='ltr'><strong>credo</strong></span> <span class='ocrx_word' id='word_1_139' title='bbox 1038 2216 1153 2277; x_wconf 89' lang='lat' dir='ltr'><strong>Catullo</strong></span> <span class='ocrx_word' id='word_1_140' title='bbox 1175 2236 1281 2277; x_wconf 90' lang='lat' dir='ltr'><strong>consu-</strong></span> 
     </span>
     <span class='ocr_line' id='line_1_20' title="bbox 128 2314 1281 2393; baseline -0.003 -15"><span class='ocrx_word' id='word_1_141' title='bbox 128 2318 219 2378; x_wconf 85' lang='lat' dir='ltr'><strong>luisse</strong></span> <span class='ocrx_word' id='word_1_142' title='bbox 240 2316 292 2393; x_wconf 93' lang='lat' dir='ltr'><strong>qui</strong></span> <span class='ocrx_word' id='word_1_143' title='bbox 315 2316 340 2375; x_wconf 91' lang='lat'><em>0</em></span> <span class='ocrx_word' id='word_1_144' title='bbox 361 2316 448 2373; x_wconf 72' lang='lat' dir='ltr'><strong>aeide</strong></span> <span class='ocrx_word' id='word_1_145' title='bbox 470 2316 583 2373; x_wconf 91' lang='lat' dir='ltr'><strong>initium</strong></span> <span class='ocrx_word' id='word_1_146' title='bbox 608 2334 678 2374; x_wconf 89' lang='lat' dir='ltr'><strong>suae</strong></span> <span class='ocrx_word' id='word_1_147' title='bbox 702 2315 808 2373; x_wconf 90' lang='lat' dir='ltr'><strong>laciam</strong></span> <span class='ocrx_word' id='word_1_148' title='bbox 830 2314 984 2391; x_wconf 87' lang='lat' dir='ltr'><strong>strophae;</strong></span> <span class='ocrx_word' id='word_1_149' title='bbox 1014 2316 1087 2374; x_wconf 89' lang='lat' dir='ltr'><strong>inter</strong></span> <span class='ocrx_word' id='word_1_150' title='bbox 1115 2314 1281 2391; x_wconf 79' lang='lat' dir='ltr'><strong>Splendidas</strong></span> 
     </span>
     <span class='ocr_line' id='line_1_21' title="bbox 127 2412 1282 2493; baseline 0.001 -21"><span class='ocrx_word' id='word_1_151' title='bbox 127 2417 264 2493; x_wconf 69' lang='lat' dir='ltr'><strong>quatiar!</strong></span> <span class='ocrx_word' id='word_1_152' title='bbox 288 2423 433 2473; x_wconf 78' lang='lat' dir='ltr'><strong>comeret</strong></span> <span class='ocrx_word' id='word_1_153' title='bbox 460 2412 565 2471; x_wconf 74' lang='lat' dir='ltr'><strong>Tarde!</strong></span> <span class='ocrx_word' id='word_1_154' title='bbox 591 2414 727 2489; x_wconf 60' lang='lat' dir='ltr'><strong>regenam</strong></span> <span class='ocrx_word' id='word_1_155' title='bbox 748 2413 843 2488; x_wconf 78' lang='lat' dir='ltr'><strong>pudor</strong></span> <span class='ocrx_word' id='word_1_156' title='bbox 866 2422 990 2489; x_wconf 90' lang='lat' dir='ltr'><strong>quatuor</strong></span> <span class='ocrx_word' id='word_1_157' title='bbox 1013 2432 1116 2473; x_wconf 89' lang='lat' dir='ltr'><strong>uersus</strong></span> <span class='ocrx_word' id='word_1_158' title='bbox 1140 2415 1282 2473; x_wconf 83' lang='lat' dir='ltr'><strong>excidisse</strong></span> 
     </span>
     <span class='ocr_line' id='line_1_22' title="bbox 131 2508 1283 2588; baseline -0.003 -15"><span class='ocrx_word' id='word_1_159' title='bbox 131 2508 296 2573; x_wconf 87' lang='lat' dir='ltr'><strong>censeam¹.</strong></span> <span class='ocrx_word' id='word_1_160' title='bbox 338 2511 387 2571; x_wconf 91' lang='lat' dir='ltr'><strong>Sic</strong></span> <span class='ocrx_word' id='word_1_161' title='bbox 406 2510 556 2571; x_wconf 89' lang='lat' dir='ltr'><strong>Mesodon</strong></span> <span class='ocrx_word' id='word_1_162' title='bbox 576 2520 610 2569; x_wconf 92' lang='lat' dir='ltr'><strong>ut</strong></span> <span class='ocrx_word' id='word_1_163' title='bbox 628 2528 737 2569; x_wconf 89' lang='lat' dir='ltr'><strong>nouem</strong></span> <span class='ocrx_word' id='word_1_164' title='bbox 757 2510 936 2586; x_wconf 88' lang='lat' dir='ltr'><strong>praecedunt</strong></span> <span class='ocrx_word' id='word_1_165' title='bbox 953 2512 1098 2588; x_wconf 88' lang='lat' dir='ltr'><strong>strophae,</strong></span> <span class='ocrx_word' id='word_1_166' title='bbox 1114 2513 1154 2571; x_wconf 90' lang='lat' dir='ltr'><strong>sic</strong></span> <span class='ocrx_word' id='word_1_167' title='bbox 1173 2530 1283 2570; x_wconf 89' lang='lat' dir='ltr'><strong>nouem</strong></span> 
     </span>
     <span class='ocr_line' id='line_1_23' title="bbox 131 2607 1283 2686; baseline -0.002 -16"><span class='ocrx_word' id='word_1_168' title='bbox 131 2620 279 2671; x_wconf 89' lang='lat' dir='ltr'><strong>secuntur.</strong></span> <span class='ocrx_word' id='word_1_169' title='bbox 330 2609 390 2668; x_wconf 90' lang='lat' dir='ltr'><strong>Sed</strong></span> <span class='ocrx_word' id='word_1_170' title='bbox 411 2626 519 2667; x_wconf 91' lang='lat' dir='ltr'><strong>manco</strong></span> <span class='ocrx_word' id='word_1_171' title='bbox 543 2607 645 2667; x_wconf 91' lang='lat' dir='ltr'><strong>codiee</strong></span> <span class='ocrx_word' id='word_1_172' title='bbox 670 2618 771 2667; x_wconf 83' lang='lat' dir='ltr'><strong>extant</strong></span> <span class='ocrx_word' id='word_1_173' title='bbox 794 2608 911 2667; x_wconf 91' lang='lat' dir='ltr'><strong>nonnisi</strong></span> <span class='ocrx_word' id='word_1_174' title='bbox 932 2627 983 2667; x_wconf 85' lang='lat' dir='ltr'><strong>sex</strong></span> <span class='ocrx_word' id='word_1_175' title='bbox 1004 2612 1134 2686; x_wconf 83' lang='lat' dir='ltr'><strong>integrae</strong></span> <span class='ocrx_word' id='word_1_176' title='bbox 1155 2620 1184 2669; x_wconf 90' lang='lat' dir='ltr'><strong>et</strong></span> <span class='ocrx_word' id='word_1_177' title='bbox 1205 2608 1283 2685; x_wconf 85' lang='lat' dir='ltr'><strong>frag-</strong></span> 
     </span>
     <span class='ocr_line' id='line_1_24' title="bbox 132 2706 1284 2784; baseline 0.001 -18"><span class='ocrx_word' id='word_1_178' title='bbox 132 2717 234 2767; x_wconf 89' lang='lat' dir='ltr'><strong>menta</strong></span> <span class='ocrx_word' id='word_1_179' title='bbox 246 2707 341 2765; x_wconf 89' lang='lat' dir='ltr'><strong>trium.</strong></span> <span class='ocrx_word' id='word_1_180' title='bbox 383 2706 511 2765; x_wconf 88' lang='lat' dir='ltr'><strong>Attende</strong></span> <span class='ocrx_word' id='word_1_181' title='bbox 525 2724 598 2765; x_wconf 92' lang='lat' dir='ltr'><strong>uero</strong></span> <span class='ocrx_word' id='word_1_182' title='bbox 614 2707 841 2765; x_wconf 83' lang='lat' dir='ltr'><strong>concinnitatem</strong></span> <span class='ocrx_word' id='word_1_183' title='bbox 860 2706 1030 2781; x_wconf 90' lang='lat' dir='ltr'><strong>partitionis.</strong></span> <span class='ocrx_word' id='word_1_184' title='bbox 1072 2708 1109 2766; x_wconf 89' lang='lat' dir='ltr'><strong>In</strong></span> <span class='ocrx_word' id='word_1_185' title='bbox 1130 2709 1284 2784; x_wconf 91' lang='lat' dir='ltr'><strong>prooemio</strong></span> 
     </span>
     <span class='ocr_line' id='line_1_25' title="bbox 135 2802 1284 2879; baseline 0.003 -19"><span class='ocrx_word' id='word_1_186' title='bbox 135 2807 184 2879; x_wconf 79' lang='grc' dir='ltr'><strong>(Α)</strong></span> <span class='ocrx_word' id='word_1_187' title='bbox 208 2822 347 2863; x_wconf 90' lang='lat' dir='ltr'><strong>numeros</strong></span> <span class='ocrx_word' id='word_1_188' title='bbox 371 2803 427 2863; x_wconf 88' lang='lat' dir='ltr'><strong>hos</strong></span> <span class='ocrx_word' id='word_1_189' title='bbox 448 2804 575 2863; x_wconf 86' lang='lat' dir='ltr'><strong>uidimus</strong></span> <span class='ocrx_word' id='word_1_190' title='bbox 601 2821 697 2877; x_wconf 86' lang='grc'><strong>3222;</strong></span> <span class='ocrx_word' id='word_1_191' title='bbox 720 2802 767 2861; x_wconf 91' lang='lat' dir='ltr'><strong>hic</strong></span> <span class='ocrx_word' id='word_1_192' title='bbox 789 2803 844 2862; x_wconf 93' lang='lat' dir='ltr'><strong>hos</strong></span> <span class='ocrx_word' id='word_1_193' title='bbox 868 2822 944 2878; x_wconf 88' lang='grc'><strong>2232</strong></span> <span class='ocrx_word' id='word_1_194' title='bbox 965 2828 996 2856; x_wconf 95' lang='lat'><strong><em>=</em></strong></span> <span class='ocrx_word' id='word_1_195' title='bbox 1016 2815 1072 2875; x_wconf 77' lang='lat' dir='ltr'><strong>Ba,</strong></span> <span class='ocrx_word' id='word_1_196' title='bbox 1094 2804 1132 2877; x_wconf 73' lang='lat' dir='ltr'><strong>d&#39;,</strong></span> <span class='ocrx_word' id='word_1_197' title='bbox 1147 2809 1175 2876; x_wconf 81' lang='grc' dir='ltr'><strong>β,</strong></span> <span class='ocrx_word' id='word_1_198' title='bbox 1189 2825 1225 2879; x_wconf 72' lang='grc' dir='ltr'><strong>γ;</strong></span> <span class='ocrx_word' id='word_1_199' title='bbox 1247 2824 1284 2864; x_wconf 90' lang='lat' dir='ltr'><strong>ex</strong></span> 
     </span>
     <span class='ocr_line' id='line_1_26' title="bbox 134 2899 1286 2979; baseline 0.002 -20"><span class='ocrx_word' id='word_1_200' title='bbox 134 2902 242 2979; x_wconf 85' lang='lat' dir='ltr'><strong>quibus</strong></span> <span class='ocrx_word' id='word_1_201' title='bbox 262 2912 301 2957; x_wconf 80' lang='lat' dir='ltr'><strong>Ba</strong></span> <span class='ocrx_word' id='word_1_202' title='bbox 320 2901 489 2961; x_wconf 87' lang='lat' dir='ltr'><strong>terminatur</strong></span> <span class='ocrx_word' id='word_1_203' title='bbox 508 2901 606 2959; x_wconf 88' lang='lat' dir='ltr'><strong>uerbis</strong></span> <span class='ocrx_word' id='word_1_204' title='bbox 623 2899 690 2958; x_wconf 86' lang='lat' dir='ltr'><strong>Flet</strong></span> <span class='ocrx_word' id='word_1_205' title='bbox 707 2900 781 2976; x_wconf 81' lang='lat' dir='ltr'><strong>quod</strong></span> <span class='ocrx_word' id='word_1_206' title='bbox 799 2902 843 2958; x_wconf 82' lang='lat' dir='ltr'><strong>ire</strong></span> <span class='ocrx_word' id='word_1_207' title='bbox 862 2920 962 2961; x_wconf 85' lang='lat' dir='ltr'><strong>necesse</strong></span> <span class='ocrx_word' id='word_1_208' title='bbox 982 2908 1027 2969; x_wconf 81' lang='lat' dir='ltr'><strong>est,</strong></span> <span class='ocrx_word' id='word_1_209' title='bbox 1042 2902 1071 2959; x_wconf 84' lang='lat' dir='ltr'><strong>a&#39;&#39;</strong></span> <span class='ocrx_word' id='word_1_210' title='bbox 1087 2904 1188 2979; x_wconf 89' lang='lat' dir='ltr'><strong>incipit</strong></span> <span class='ocrx_word' id='word_1_211' title='bbox 1201 2903 1286 2961; x_wconf 83' lang='lat' dir='ltr'><strong>Flere</strong></span> 
     </span>
     <span class='ocr_line' id='line_1_27' title="bbox 134 2998 1285 3078; baseline 0.001 -19"><span class='ocrx_word' id='word_1_212' title='bbox 134 3001 233 3071; x_wconf 63' lang='lat' dir='ltr'><strong>desem</strong></span> <span class='ocrx_word' id='word_1_213' title='bbox 247 2998 389 3059; x_wconf 88' lang='lat' dir='ltr'><strong>clauditur</strong></span> <span class='ocrx_word' id='word_1_214' title='bbox 404 3000 579 3073; x_wconf 76' lang='grc' dir='ltr'>ἔπιφθέγματι</span> <span class='ocrx_word' id='word_1_215' title='bbox 591 2998 718 3056; x_wconf 83' lang='lat' dir='ltr'><strong>Prodeas</strong></span> <span class='ocrx_word' id='word_1_216' title='bbox 731 3018 804 3057; x_wconf 83' lang='lat' dir='ltr'><strong>noua</strong></span> <span class='ocrx_word' id='word_1_217' title='bbox 818 3006 912 3075; x_wconf 83' lang='lat' dir='ltr'><strong>nupta,</strong></span> <span class='ocrx_word' id='word_1_218' title='bbox 926 3005 947 3065; x_wconf 82' lang='grc' dir='ltr'>β</span> <span class='ocrx_word' id='word_1_219' title='bbox 959 3001 1059 3078; x_wconf 90' lang='lat' dir='ltr'><strong>incipit</strong></span> <span class='ocrx_word' id='word_1_220' title='bbox 1072 3002 1200 3060; x_wconf 85' lang='lat' dir='ltr'><strong>Prodear</strong></span> <span class='ocrx_word' id='word_1_221' title='bbox 1212 3022 1285 3061; x_wconf 88' lang='lat' dir='ltr'><strong>noua</strong></span> 
     </span>
     <span class='ocr_line' id='line_1_28' title="bbox 134 3097 1286 3171; baseline 0.005 -17"><span class='ocrx_word' id='word_1_222' title='bbox 134 3103 222 3171; x_wconf 64' lang='lat' dir='ltr'><strong>nimia</strong></span> <span class='ocrx_word' id='word_1_223' title='bbox 235 3097 270 3168; x_wconf 83' lang='lat' dir='ltr'><strong>si,</strong></span> <span class='ocrx_word' id='word_1_224' title='bbox 284 3097 425 3156; x_wconf 82' lang='lat' dir='ltr'><strong>clauditur</strong></span> <span class='ocrx_word' id='word_1_225' title='bbox 437 3097 565 3155; x_wconf 80' lang='lat' dir='ltr'><strong>Prodeas</strong></span> <span class='ocrx_word' id='word_1_226' title='bbox 577 3115 650 3154; x_wconf 86' lang='lat' dir='ltr'><strong>noua</strong></span> <span class='ocrx_word' id='word_1_227' title='bbox 663 3104 758 3171; x_wconf 83' lang='lat' dir='ltr'><strong>nupta,</strong></span> <span class='ocrx_word' id='word_1_228' title='bbox 771 3122 791 3171; x_wconf 79' lang='grc' dir='ltr'><em>γ</em></span> <span class='ocrx_word' id='word_1_229' title='bbox 804 3097 888 3155; x_wconf 85' lang='lat' dir='ltr'><strong>simili</strong></span> <span class='ocrx_word' id='word_1_230' title='bbox 902 3098 993 3157; x_wconf 91' lang='lat' dir='ltr'><strong>modo</strong></span> <span class='ocrx_word' id='word_1_231' title='bbox 1007 3099 1148 3158; x_wconf 89' lang='lat' dir='ltr'><strong>clauditur</strong></span> <span class='ocrx_word' id='word_1_232' title='bbox 1158 3100 1286 3160; x_wconf 81' lang='lat' dir='ltr'><strong>Prodeas</strong></span> 
     </span>
     <span class='ocr_line' id='line_1_29' title="bbox 134 3201 319 3269; baseline -0.016 -15"><span class='ocrx_word' id='word_1_233' title='bbox 134 3213 209 3253; x_wconf 82' lang='lat' dir='ltr'><strong>noua</strong></span> <span class='ocrx_word' id='word_1_234' title='bbox 224 3201 319 3269; x_wconf 73' lang='lat' dir='ltr'><strong>mepta.</strong></span> 
     </span>
    </p>

    <p class='ocr_par' dir='ltr' id='par_1_9' title="bbox 137 3290 1289 4153">
     <span class='ocr_line' id='line_1_30' title="bbox 178 3290 1285 3373; baseline 0.002 -24"><span class='ocrx_word' id='word_1_235' title='bbox 178 3290 264 3349; x_wconf 89' lang='lat' dir='ltr'><strong>Haec</strong></span> <span class='ocrx_word' id='word_1_236' title='bbox 285 3292 310 3349; x_wconf 90' lang='lat' dir='ltr'><strong>si</strong></span> <span class='ocrx_word' id='word_1_237' title='bbox 330 3310 401 3350; x_wconf 88' lang='lat' dir='ltr'><strong>uera</strong></span> <span class='ocrx_word' id='word_1_238' title='bbox 422 3292 543 3351; x_wconf 89' lang='lat' dir='ltr'><strong>suntin</strong></span> <span class='ocrx_word' id='word_1_239' title='bbox 568 3292 664 3368; x_wconf 90' lang='lat' dir='ltr'><strong>priore</strong></span> <span class='ocrx_word' id='word_1_240' title='bbox 688 3292 809 3351; x_wconf 91' lang='lat' dir='ltr'><strong>dimidio</strong></span> <span class='ocrx_word' id='word_1_241' title='bbox 835 3292 979 3363; x_wconf 87' lang='lat' dir='ltr'><strong>carminis,</strong></span> <span class='ocrx_word' id='word_1_242' title='bbox 1004 3292 1071 3352; x_wconf 93' lang='lat' dir='ltr'><strong>dico</strong></span> <span class='ocrx_word' id='word_1_243' title='bbox 1095 3292 1285 3373; x_wconf 78' lang='lat' dir='ltr'><strong>uui-(113)</strong></span> 
     </span>
     <span class='ocr_line' id='line_1_31' title="bbox 137 3388 1287 3466; baseline 0.003 -18"><span class='ocrx_word' id='word_1_244' title='bbox 137 3398 371 3448; x_wconf 87' lang='lat' dir='ltr'><strong>consentaneum</strong></span> <span class='ocrx_word' id='word_1_245' title='bbox 399 3399 443 3448; x_wconf 89' lang='lat' dir='ltr'><strong>est</strong></span> <span class='ocrx_word' id='word_1_246' title='bbox 472 3390 596 3447; x_wconf 89' lang='lat' dir='ltr'><strong>similem</strong></span> <span class='ocrx_word' id='word_1_247' title='bbox 624 3399 798 3447; x_wconf 86' lang='lat' dir='ltr'><strong>structuram</strong></span> <span class='ocrx_word' id='word_1_248' title='bbox 825 3388 856 3445; x_wconf 91' lang='lat' dir='ltr'><strong>in</strong></span> <span class='ocrx_word' id='word_1_249' title='bbox 883 3389 1043 3466; x_wconf 91' lang='lat' dir='ltr'><strong>posteriore</strong></span> <span class='ocrx_word' id='word_1_250' title='bbox 1070 3390 1195 3465; x_wconf 90' lang='lat' dir='ltr'><strong>reperiri.</strong></span> <span class='ocrx_word' id='word_1_251' title='bbox 1247 3391 1287 3451; x_wconf 90' lang='lat' dir='ltr'><strong>Et</strong></span> 
     </span>
     <span class='ocr_line' id='line_1_32' title="bbox 137 3486 1286 3563; baseline 0 -16"><span class='ocrx_word' id='word_1_252' title='bbox 137 3487 239 3547; x_wconf 89' lang='lat' dir='ltr'><strong>tertiae</strong></span> <span class='ocrx_word' id='word_1_253' title='bbox 260 3486 379 3563; x_wconf 86' lang='lat' dir='ltr'><strong>quidem</strong></span> <span class='ocrx_word' id='word_1_254' title='bbox 400 3488 475 3563; x_wconf 90' lang='lat' dir='ltr'><strong>parti</strong></span> <span class='ocrx_word' id='word_1_255' title='bbox 495 3488 599 3563; x_wconf 91' lang='lat' dir='ltr'><strong>prioris</strong></span> <span class='ocrx_word' id='word_1_256' title='bbox 623 3488 707 3545; x_wconf 89' lang='lat' dir='ltr'><strong>tertia</strong></span> <span class='ocrx_word' id='word_1_257' title='bbox 729 3486 886 3561; x_wconf 88' lang='lat' dir='ltr'><strong>respondet</strong></span> <span class='ocrx_word' id='word_1_258' title='bbox 908 3487 1093 3563; x_wconf 87' lang='lat' dir='ltr'><strong>posterioris;</strong></span> <span class='ocrx_word' id='word_1_259' title='bbox 1123 3505 1193 3545; x_wconf 85' lang='lat' dir='ltr'><strong>nam</strong></span> <span class='ocrx_word' id='word_1_260' title='bbox 1218 3507 1236 3547; x_wconf 90' lang='lat' dir='ltr'><strong>a</strong></span> <span class='ocrx_word' id='word_1_261' title='bbox 1257 3508 1286 3547; x_wconf 88' lang='lat' dir='ltr'><strong>u.</strong></span> 
     </span>
     <span class='ocr_line' id='line_1_33' title="bbox 139 3581 1287 3662; baseline 0.003 -20"><span class='ocrx_word' id='word_1_262' title='bbox 139 3586 226 3659; x_wconf 83' lang='lat'>(183)</span> <span class='ocrx_word' id='word_1_263' title='bbox 241 3584 272 3641; x_wconf 93' lang='lat' dir='ltr'><strong>in</strong></span> <span class='ocrx_word' id='word_1_264' title='bbox 287 3600 347 3660; x_wconf 89' lang='lat' dir='ltr'><strong>quo</strong></span> <span class='ocrx_word' id='word_1_265' title='bbox 360 3581 396 3640; x_wconf 89' lang='lat' dir='ltr'><strong>Io</strong></span> <span class='ocrx_word' id='word_1_266' title='bbox 409 3582 520 3657; x_wconf 81' lang='lat' dir='ltr'><strong>Hymen</strong></span> <span class='ocrx_word' id='word_1_267' title='bbox 533 3582 689 3659; x_wconf 82' lang='lat' dir='ltr'><strong>Hymenaee</strong></span> <span class='ocrx_word' id='word_1_268' title='bbox 701 3593 882 3659; x_wconf 89' lang='lat' dir='ltr'><strong>postremum</strong></span> <span class='ocrx_word' id='word_1_269' title='bbox 902 3583 1005 3659; x_wconf 85' lang='lat' dir='ltr'><strong>legitur</strong></span> <span class='ocrx_word' id='word_1_270' title='bbox 1025 3601 1118 3662; x_wconf 89' lang='lat' dir='ltr'><strong>usque</strong></span> <span class='ocrx_word' id='word_1_271' title='bbox 1139 3586 1176 3645; x_wconf 89' lang='lat' dir='ltr'><strong>ad</strong></span> <span class='ocrx_word' id='word_1_272' title='bbox 1198 3586 1287 3645; x_wconf 89' lang='lat' dir='ltr'><strong>finem</strong></span> 
     </span>
     <span class='ocr_line' id='line_1_34' title="bbox 139 3681 1287 3759; baseline 0.003 -19"><span class='ocrx_word' id='word_1_273' title='bbox 139 3699 249 3741; x_wconf 89' lang='lat' dir='ltr'><strong>nouem</strong></span> <span class='ocrx_word' id='word_1_274' title='bbox 284 3690 352 3739; x_wconf 91' lang='lat' dir='ltr'><strong>sunt</strong></span> <span class='ocrx_word' id='word_1_275' title='bbox 383 3682 529 3758; x_wconf 88' lang='lat' dir='ltr'><strong>strophae,</strong></span> <span class='ocrx_word' id='word_1_276' title='bbox 561 3700 636 3757; x_wconf 89' lang='lat' dir='ltr'><strong>quae</strong></span> <span class='ocrx_word' id='word_1_277' title='bbox 668 3682 709 3740; x_wconf 91' lang='lat' dir='ltr'><strong>sic</strong></span> <span class='ocrx_word' id='word_1_278' title='bbox 737 3681 945 3759; x_wconf 87' lang='lat' dir='ltr'><strong>distribuuntur</strong></span> <span class='ocrx_word' id='word_1_279' title='bbox 974 3701 1050 3757; x_wconf 86' lang='grc'><strong>3222</strong></span> <span class='ocrx_word' id='word_1_280' title='bbox 1078 3694 1117 3739; x_wconf 82' lang='grc' dir='ltr'><strong>Λα</strong></span> <span class='ocrx_word' id='word_1_281' title='bbox 1140 3684 1176 3755; x_wconf 67' lang='grc' dir='ltr'><strong>β,</strong></span> <span class='ocrx_word' id='word_1_282' title='bbox 1198 3686 1240 3757; x_wconf 74' lang='grc' dir='ltr'><strong>β’,</strong></span> <span class='ocrx_word' id='word_1_283' title='bbox 1260 3710 1287 3759; x_wconf 78' lang='grc' dir='ltr'><strong>γ.</strong></span> 
     </span>
     <span class='ocr_line' id='line_1_35' title="bbox 140 3780 1288 3856; baseline 0.003 -18"><span class='ocrx_word' id='word_1_284' title='bbox 140 3780 264 3839; x_wconf 88' lang='lat' dir='ltr'><strong>Restant</strong></span> <span class='ocrx_word' id='word_1_285' title='bbox 281 3798 316 3851; x_wconf 87' lang='lat'><strong>14</strong></span> <span class='ocrx_word' id='word_1_286' title='bbox 332 3780 479 3856; x_wconf 89' lang='lat' dir='ltr'><strong>strophae,</strong></span> <span class='ocrx_word' id='word_1_287' title='bbox 493 3798 618 3856; x_wconf 87' lang='lat' dir='ltr'><strong>quarum</strong></span> <span class='ocrx_word' id='word_1_288' title='bbox 632 3798 742 3839; x_wconf 89' lang='lat' dir='ltr'><strong>nouem</strong></span> <span class='ocrx_word' id='word_1_289' title='bbox 756 3780 868 3856; x_wconf 91' lang='lat' dir='ltr'><strong>priores</strong></span> <span class='ocrx_word' id='word_1_290' title='bbox 890 3782 919 3838; x_wconf 92' lang='lat' dir='ltr'><strong>in</strong></span> <span class='ocrx_word' id='word_1_291' title='bbox 938 3782 1039 3839; x_wconf 89' lang='lat' dir='ltr'><strong>itinere</strong></span> <span class='ocrx_word' id='word_1_292' title='bbox 1060 3793 1202 3842; x_wconf 89' lang='lat' dir='ltr'><strong>canuntur</strong></span> <span class='ocrx_word' id='word_1_293' title='bbox 1216 3784 1288 3842; x_wconf 90' lang='lat' dir='ltr'><strong>dum</strong></span> 
     </span>
     <span class='ocr_line' id='line_1_36' title="bbox 140 3876 1288 3953; baseline 0.003 -17"><span class='ocrx_word' id='word_1_294' title='bbox 140 3885 262 3952; x_wconf 89' lang='lat' dir='ltr'><strong>nuptam</strong></span> <span class='ocrx_word' id='word_1_295' title='bbox 283 3895 301 3934; x_wconf 85' lang='lat' dir='ltr'><strong>a</strong></span> <span class='ocrx_word' id='word_1_296' title='bbox 322 3876 412 3935; x_wconf 90' lang='lat' dir='ltr'><strong>domo</strong></span> <span class='ocrx_word' id='word_1_297' title='bbox 433 3879 522 3953; x_wconf 89' lang='lat' dir='ltr'><strong>patris</strong></span> <span class='ocrx_word' id='word_1_298' title='bbox 543 3878 582 3936; x_wconf 89' lang='lat' dir='ltr'><strong>ad</strong></span> <span class='ocrx_word' id='word_1_299' title='bbox 601 3878 697 3937; x_wconf 88' lang='lat' dir='ltr'><strong>mariti</strong></span> <span class='ocrx_word' id='word_1_300' title='bbox 717 3878 840 3937; x_wconf 90' lang='lat' dir='ltr'><strong>domurn</strong></span> <span class='ocrx_word' id='word_1_301' title='bbox 861 3879 1026 3951; x_wconf 89' lang='lat' dir='ltr'><strong>deducunt;</strong></span> <span class='ocrx_word' id='word_1_302' title='bbox 1050 3879 1106 3939; x_wconf 90' lang='lat' dir='ltr'><strong>hae</strong></span> <span class='ocrx_word' id='word_1_303' title='bbox 1128 3891 1225 3940; x_wconf 89' lang='lat' dir='ltr'><strong>autem</strong></span> <span class='ocrx_word' id='word_1_304' title='bbox 1247 3882 1288 3940; x_wconf 93' lang='lat' dir='ltr'><strong>sic</strong></span> 
     </span>
     <span class='ocr_line' id='line_1_37' title="bbox 141 3975 1289 4055; baseline 0.003 -21"><span class='ocrx_word' id='word_1_305' title='bbox 141 3975 349 4035; x_wconf 85' lang='lat' dir='ltr'><strong>distribuuntur</strong></span> <span class='ocrx_word' id='word_1_306' title='bbox 380 3994 457 4049; x_wconf 89' lang='grc'><strong>2223</strong></span> <span class='ocrx_word' id='word_1_307' title='bbox 483 3986 521 4032; x_wconf 82' lang='lat' dir='ltr'><strong>ra</strong></span> <span class='ocrx_word' id='word_1_308' title='bbox 540 3981 569 4046; x_wconf 80' lang='grc' dir='ltr'><strong>β,</strong></span> <span class='ocrx_word' id='word_1_309' title='bbox 589 3976 632 4047; x_wconf 66' lang='grc' dir='ltr'><strong>θ’,</strong></span> <span class='ocrx_word' id='word_1_310' title='bbox 653 4000 680 4049; x_wconf 80' lang='grc' dir='ltr'><strong>γ.</strong></span> <span class='ocrx_word' id='word_1_311' title='bbox 732 3976 769 4034; x_wconf 89' lang='lat' dir='ltr'><strong>In</strong></span> <span class='ocrx_word' id='word_1_312' title='bbox 794 4002 811 4033; x_wconf 82' lang='lat' dir='ltr'><strong>a</strong></span> <span class='ocrx_word' id='word_1_313' title='bbox 835 3977 970 4037; x_wconf 85' lang='lat' dir='ltr'><strong>iubentur</strong></span> <span class='ocrx_word' id='word_1_314' title='bbox 996 3980 1077 4055; x_wconf 89' lang='lat' dir='ltr'><strong>pueri</strong></span> <span class='ocrx_word' id='word_1_315' title='bbox 1105 3978 1289 4039; x_wconf 72' lang='lat' dir='ltr'><strong>Fescennina</strong></span> 
     </span>
     <span class='ocr_line' id='line_1_38' title="bbox 142 4071 1288 4153; baseline 0.003 -22"><span class='ocrx_word' id='word_1_316' title='bbox 142 4071 307 4143; x_wconf 88' lang='lat' dir='ltr'><strong>concinere,</strong></span> <span class='ocrx_word' id='word_1_317' title='bbox 327 4077 356 4138; x_wconf 79' lang='grc' dir='ltr'><strong>β,</strong></span> <span class='ocrx_word' id='word_1_318' title='bbox 376 4073 420 4143; x_wconf 63' lang='lat' dir='ltr'><strong>ff,</strong></span> <span class='ocrx_word' id='word_1_319' title='bbox 440 4097 459 4146; x_wconf 88' lang='grc' dir='ltr'><strong>γ</strong></span> <span class='ocrx_word' id='word_1_320' title='bbox 478 4072 665 4132; x_wconf 88' lang='lat' dir='ltr'><strong>Fascennina</strong></span> <span class='ocrx_word' id='word_1_321' title='bbox 684 4084 760 4145; x_wconf 90' lang='lat' dir='ltr'><strong>sunt,</strong></span> <span class='ocrx_word' id='word_1_322' title='bbox 781 4074 812 4131; x_wconf 92' lang='lat' dir='ltr'><strong>in</strong></span> <span class='ocrx_word' id='word_1_323' title='bbox 832 4080 853 4141; x_wconf 81' lang='grc' dir='ltr'><strong><em>β</em></strong></span> <span class='ocrx_word' id='word_1_324' title='bbox 873 4075 911 4133; x_wconf 89' lang='lat' dir='ltr'><strong>ad</strong></span> <span class='ocrx_word' id='word_1_325' title='bbox 932 4077 1128 4135; x_wconf 88' lang='lat' dir='ltr'><strong>concubinum</strong></span> <span class='ocrx_word' id='word_1_326' title='bbox 1152 4078 1234 4153; x_wconf 91' lang='lat' dir='ltr'><strong>pueri</strong></span> <span class='ocrx_word' id='word_1_327' title='bbox 1257 4094 1288 4135; x_wconf 92' lang='lat' dir='ltr'><strong>se</strong></span> 
     </span>
    </p>
   </div>
   <div class='ocr_carea' id='block_1_3' title="bbox 143 4223 1290 4375">
    <p class='ocr_par' dir='ltr' id='par_1_10' title="bbox 143 4223 1290 4375">
     <span class='ocr_line' id='line_1_39' title="bbox 175 4223 1290 4295; baseline 0.005 -23"><span class='ocrx_word' id='word_1_328' title='bbox 175 4223 185 4254; x_wconf 89' lang='lat'><strong>¹</strong></span> <span class='ocrx_word' id='word_1_329' title='bbox 201 4226 270 4273; x_wconf 82' lang='lat' dir='ltr'><strong>Certe</strong></span> <span class='ocrx_word' id='word_1_330' title='bbox 281 4228 340 4273; x_wconf 85' lang='lat' dir='ltr'><strong>bene</strong></span> <span class='ocrx_word' id='word_1_331' title='bbox 351 4227 475 4275; x_wconf 81' lang='lat' dir='ltr'><strong>cohaerent</strong></span> <span class='ocrx_word' id='word_1_332' title='bbox 492 4229 551 4276; x_wconf 86' lang='lat' dir='ltr'><strong>inter</strong></span> <span class='ocrx_word' id='word_1_333' title='bbox 562 4244 586 4276; x_wconf 84' lang='lat' dir='ltr'><strong>se</strong></span> <span class='ocrx_word' id='word_1_334' title='bbox 597 4228 648 4293; x_wconf 79' lang='lat'>(79)</span> <span class='ocrx_word' id='word_1_335' title='bbox 662 4229 749 4277; x_wconf 72' lang='lat' dir='ltr'><strong>Taedet</strong></span> <span class='ocrx_word' id='word_1_336' title='bbox 764 4230 877 4294; x_wconf 73' lang='lat' dir='ltr'><strong>ingenuan</strong></span> <span class='ocrx_word' id='word_1_337' title='bbox 889 4231 967 4295; x_wconf 76' lang='lat' dir='ltr'><strong>pudor</strong></span> <span class='ocrx_word' id='word_1_338' title='bbox 978 4230 1029 4293; x_wconf 86' lang='lat'>(80)</span> <span class='ocrx_word' id='word_1_339' title='bbox 1043 4232 1116 4295; x_wconf 80' lang='lat' dir='ltr'><strong>Quem</strong></span> <span class='ocrx_word' id='word_1_340' title='bbox 1127 4239 1201 4277; x_wconf 82' lang='lat' dir='ltr'><strong>tamen</strong></span> <span class='ocrx_word' id='word_1_341' title='bbox 1213 4230 1290 4294; x_wconf 74' lang='lat' dir='ltr'><strong>mgis</strong></span> 
     </span>
     <span class='ocr_line' id='line_1_40' title="bbox 143 4308 1289 4375; baseline 0.002 -18"><span class='ocrx_word' id='word_1_342' title='bbox 143 4308 245 4357; x_wconf 66' lang='lat' dir='ltr'><strong>andins.</strong></span> <span class='ocrx_word' id='word_1_343' title='bbox 276 4309 394 4356; x_wconf 85' lang='lat' dir='ltr'><strong>Sententia</strong></span> <span class='ocrx_word' id='word_1_344' title='bbox 412 4310 463 4357; x_wconf 75' lang='lat' dir='ltr'><strong>talia</strong></span> <span class='ocrx_word' id='word_1_345' title='bbox 480 4312 571 4358; x_wconf 88' lang='lat' dir='ltr'><strong>uidetur</strong></span> <span class='ocrx_word' id='word_1_346' title='bbox 589 4326 644 4359; x_wconf 81' lang='lat' dir='ltr'><strong>esse.</strong></span> <span class='ocrx_word' id='word_1_347' title='bbox 681 4312 768 4375; x_wconf 81' lang='lat' dir='ltr'><strong>‘Virgo</strong></span> <span class='ocrx_word' id='word_1_348' title='bbox 788 4313 866 4366; x_wconf 86' lang='lat' dir='ltr'><strong>adest;</strong></span> <span class='ocrx_word' id='word_1_349' title='bbox 890 4313 936 4359; x_wconf 87' lang='lat' dir='ltr'><strong>iam</strong></span> <span class='ocrx_word' id='word_1_350' title='bbox 954 4313 1015 4359; x_wconf 80' lang='lat' dir='ltr'><strong>iaces</strong></span> <span class='ocrx_word' id='word_1_351' title='bbox 1035 4312 1110 4358; x_wconf 88' lang='lat' dir='ltr'><strong>uideo.</strong></span> <span class='ocrx_word' id='word_1_352' title='bbox 1144 4312 1191 4358; x_wconf 82' lang='lat' dir='ltr'><strong>Cur</strong></span> <span class='ocrx_word' id='word_1_353' title='bbox 1211 4319 1289 4359; x_wconf 82' lang='lat' dir='ltr'><strong>tamen</strong></span> 
     </span>
    </p>
   </div>
   <div class='ocr_carea' id='block_1_4' title="bbox 144 4388 1290 4533">
    <p class='ocr_par' dir='ltr' id='par_1_11' title="bbox 144 4388 1290 4533">
     <span class='ocr_line' id='line_1_41' title="bbox 144 4388 1290 4454; baseline 0.003 -17"><span class='ocrx_word' id='word_1_354' title='bbox 144 4388 264 4437; x_wconf 81' lang='lat' dir='ltr'><strong>moratur?</strong></span> <span class='ocrx_word' id='word_1_355' title='bbox 296 4390 383 4438; x_wconf 78' lang='lat' dir='ltr'><strong>Audiat</strong></span> <span class='ocrx_word' id='word_1_356' title='bbox 398 4400 514 4448; x_wconf 80' lang='lat' dir='ltr'><strong>uocantes,</strong></span> <span class='ocrx_word' id='word_1_357' title='bbox 525 4408 567 4440; x_wconf 90' lang='lat' dir='ltr'><strong>nec</strong></span> <span class='ocrx_word' id='word_1_358' title='bbox 579 4396 646 4440; x_wconf 86' lang='lat' dir='ltr'><strong>cedat</strong></span> <span class='ocrx_word' id='word_1_359' title='bbox 659 4394 746 4454; x_wconf 84' lang='lat' dir='ltr'><strong>pudori.</strong></span> <span class='ocrx_word' id='word_1_360' title='bbox 780 4393 810 4440; x_wconf 79' lang='lat' dir='ltr'><strong>Et</strong></span> <span class='ocrx_word' id='word_1_361' title='bbox 825 4402 903 4441; x_wconf 84' lang='lat' dir='ltr'><strong>tamen</strong></span> <span class='ocrx_word' id='word_1_362' title='bbox 914 4394 1033 4453; x_wconf 87' lang='lat' dir='ltr'><strong>pudorem,</strong></span> <span class='ocrx_word' id='word_1_363' title='bbox 1045 4408 1091 4439; x_wconf 90' lang='lat' dir='ltr'><strong>non</strong></span> <span class='ocrx_word' id='word_1_364' title='bbox 1103 4406 1144 4439; x_wconf 77' lang='lat' dir='ltr'><strong>nos</strong></span> <span class='ocrx_word' id='word_1_365' title='bbox 1156 4393 1233 4439; x_wconf 80' lang='lat' dir='ltr'><strong>audit:</strong></span> <span class='ocrx_word' id='word_1_366' title='bbox 1250 4393 1290 4440; x_wconf 87' lang='lat' dir='ltr'><strong>flet</strong></span> 
     </span>
     <span class='ocr_line' id='line_1_42' title="bbox 144 4464 645 4533; baseline 0.004 -15"><span class='ocrx_word' id='word_1_367' title='bbox 144 4471 204 4533; x_wconf 87' lang='lat' dir='ltr'><strong>quod</strong></span> <span class='ocrx_word' id='word_1_368' title='bbox 215 4471 316 4518; x_wconf 86' lang='lat' dir='ltr'><strong>cundum</strong></span> <span class='ocrx_word' id='word_1_369' title='bbox 326 4473 377 4520; x_wconf 72' lang='lat' dir='ltr'><strong>est!</strong></span> <span class='ocrx_word' id='word_1_370' title='bbox 639 4464 645 4480; x_wconf 71' lang='lat'>⁸</span> 
     </span>
    </p>
   </div>
   <div class='ocr_carea' id='block_1_5' title="bbox 0 0 1604 5059">
    <p class='ocr_par' dir='ltr' id='par_1_12' title="bbox 0 0 1604 5059">
     <span class='ocr_line' id='line_1_43' title="bbox 0 0 1604 5059; baseline 0 0"><span class='ocrx_word' id='word_1_371' title='bbox 0 0 1604 5059; x_wconf 95' lang='lat' dir='ltr'><strong> </strong></span> 
     </span>
    </p>
   </div>
  </div>
 </body>
</html>
