<?xml version="1.0" encoding="UTF-8"?>
<!DOCTYPE html PUBLIC "-//W3C//DTD XHTML 1.0 Transitional//EN"
    "http://www.w3.org/TR/xhtml1/DTD/xhtml1-transitional.dtd">
<html xmlns="http://www.w3.org/1999/xhtml" xml:lang="en" lang="en">
 <head>
  <title>
</title>
<meta http-equiv="Content-Type" content="text/html;charset=utf-8" />
  <meta name='ocr-system' content='tesseract 3.04.00' />
  <meta name='ocr-capabilities' content='ocr_page ocr_carea ocr_par ocr_line ocrx_word'/>
</head>
<body>
  <div class='ocr_page' id='page_1' title='image "./catulliveronens01elligoog_0238.png"; bbox 0 0 3142 5059; ppageno 0'>
   <div class='ocr_carea' id='block_1_1' title="bbox 319 384 1059 447">
    <p class='ocr_par' dir='ltr' id='par_1_1' title="bbox 319 384 1059 447">
     <span class='ocr_line' id='line_1_1' title="bbox 319 384 1059 447; baseline 0.001 -5"><span class='ocrx_word' id='word_1_1' title='bbox 319 386 379 443; x_wconf 91' lang='grc'><strong>222</strong></span> <span class='ocrx_word' id='word_1_2' title='bbox 722 384 777 444; x_wconf 87' lang='lat' dir='ltr'><strong>DE</strong></span> <span class='ocrx_word' id='word_1_3' title='bbox 802 384 1059 447; x_wconf 80' lang='lat' dir='ltr'>PARTITIONE</span> 
     </span>
    </p>
   </div>
   <div class='ocr_carea' id='block_1_2' title="bbox 316 566 1471 4379">
    <p class='ocr_par' dir='ltr' id='par_1_2' title="bbox 316 566 1471 2693">
     <span class='ocr_line' id='line_1_2' title="bbox 317 566 1470 644; baseline 0.006 -22"><span class='ocrx_word' id='word_1_4' title='bbox 317 569 381 623; x_wconf 71' lang='grc' dir='ltr'>ιοιὰ</span> <span class='ocrx_word' id='word_1_5' title='bbox 394 568 442 623; x_wconf 70' lang='grc' dir='ltr'><strong>διὸ</strong></span> <span class='ocrx_word' id='word_1_6' title='bbox 454 566 574 644; x_wconf 88' lang='lat' dir='ltr'><strong>quidem</strong></span> <span class='ocrx_word' id='word_1_7' title='bbox 588 568 627 627; x_wconf 90' lang='lat' dir='ltr'><strong>ibi</strong></span> <span class='ocrx_word' id='word_1_8' title='bbox 641 568 777 640; x_wconf 78' lang='lat' dir='ltr'><strong>maritae,</strong></span> <span class='ocrx_word' id='word_1_9' title='bbox 785 568 835 627; x_wconf 93' lang='lat' dir='ltr'><strong>ubi</strong></span> <span class='ocrx_word' id='word_1_10' title='bbox 850 568 979 627; x_wconf 75' lang='lat' dir='ltr'>Ariadna</span> <span class='ocrx_word' id='word_1_11' title='bbox 992 570 1127 627; x_wconf 87' lang='lat' dir='ltr'><strong>maritum</strong></span> <span class='ocrx_word' id='word_1_12' title='bbox 1138 576 1256 643; x_wconf 90' lang='lat' dir='ltr'><strong>quaerat</strong></span> <span class='ocrx_word' id='word_1_13' title='bbox 1270 582 1305 626; x_wconf 91' lang='lat' dir='ltr'><strong>ac</strong></span> <span class='ocrx_word' id='word_1_14' title='bbox 1320 566 1470 642; x_wconf 81' lang='lat' dir='ltr'><strong>deploret</strong></span> 
     </span>
     <span class='ocr_line' id='line_1_3' title="bbox 322 664 1471 743; baseline 0.001 -21"><span class='ocrx_word' id='word_1_15' title='bbox 322 666 469 740; x_wconf 77' lang='lat'>178-187‚</span> <span class='ocrx_word' id='word_1_16' title='bbox 487 668 642 741; x_wconf 77' lang='lat'>198-2013</span> <span class='ocrx_word' id='word_1_17' title='bbox 664 690 728 723; x_wconf 72' lang='grc' dir='ltr'>ιοτιι</span> <span class='ocrx_word' id='word_1_18' title='bbox 740 672 811 741; x_wconf 69' lang='lat' dir='ltr'><strong>speie</strong></span> <span class='ocrx_word' id='word_1_19' title='bbox 827 666 877 726; x_wconf 94' lang='lat' dir='ltr'><strong>ubi</strong></span> <span class='ocrx_word' id='word_1_20' title='bbox 891 665 1068 727; x_wconf 77' lang='lat' dir='ltr'><strong>Eumenidas</strong></span> <span class='ocrx_word' id='word_1_21' title='bbox 1085 676 1217 743; x_wconf 86' lang='lat' dir='ltr'>precetur</span> <span class='ocrx_word' id='word_1_22' title='bbox 1237 676 1268 723; x_wconf 90' lang='lat' dir='ltr'><strong>ut</strong></span> <span class='ocrx_word' id='word_1_23' title='bbox 1289 664 1344 723; x_wconf 89' lang='lat' dir='ltr'><strong>sibi</strong></span> <span class='ocrx_word' id='word_1_24' title='bbox 1366 665 1471 723; x_wconf 78' lang='lat' dir='ltr'><strong>adsint</strong></span> 
     </span>
     <span class='ocr_line' id='line_1_4' title="bbox 318 760 1470 843; baseline -0.001 -22"><span class='ocrx_word' id='word_1_25' title='bbox 318 760 637 843; x_wconf 77' lang='lat' dir='ltr'><strong>tdturae.(192-197.)</strong></span> <span class='ocrx_word' id='word_1_26' title='bbox 672 763 808 841; x_wconf 90' lang='lat' dir='ltr'><strong>Denique</strong></span> <span class='ocrx_word' id='word_1_27' title='bbox 835 764 912 823; x_wconf 89' lang='lat' dir='ltr'><strong>hanc</strong></span> <span class='ocrx_word' id='word_1_28' title='bbox 939 767 1099 839; x_wconf 67' lang='grc' dir='ltr'><strong><em>συμμετρίαν</em></strong></span> <span class='ocrx_word' id='word_1_29' title='bbox 1125 780 1269 839; x_wconf 84' lang='lat' dir='ltr'><strong>nusquam</strong></span> <span class='ocrx_word' id='word_1_30' title='bbox 1297 762 1396 837; x_wconf 87' lang='lat' dir='ltr'><strong>magis</strong></span> <span class='ocrx_word' id='word_1_31' title='bbox 1421 780 1470 820; x_wconf 89' lang='lat' dir='ltr'><strong>re-</strong></span> 
     </span>
     <span class='ocr_line' id='line_1_5' title="bbox 318 860 1469 939; baseline 0.001 -21"><span class='ocrx_word' id='word_1_32' title='bbox 318 860 404 937; x_wconf 88' lang='lat' dir='ltr'><strong>periri</strong></span> <span class='ocrx_word' id='word_1_33' title='bbox 428 878 518 937; x_wconf 92' lang='lat' dir='ltr'><strong>quam</strong></span> <span class='ocrx_word' id='word_1_34' title='bbox 545 863 576 921; x_wconf 88' lang='lat' dir='ltr'><strong>in</strong></span> <span class='ocrx_word' id='word_1_35' title='bbox 599 862 825 939; x_wconf 75' lang='lat' dir='ltr'>epigrammatis,</span> <span class='ocrx_word' id='word_1_36' title='bbox 849 863 1017 939; x_wconf 89' lang='lat' dir='ltr'><strong>praesertim</strong></span> <span class='ocrx_word' id='word_1_37' title='bbox 1039 871 1109 921; x_wconf 91' lang='lat' dir='ltr'><strong>octo</strong></span> <span class='ocrx_word' id='word_1_38' title='bbox 1133 878 1278 921; x_wconf 88' lang='lat' dir='ltr'><strong>uersuum.</strong></span> <span class='ocrx_word' id='word_1_39' title='bbox 1324 860 1386 919; x_wconf 89' lang='lat' dir='ltr'><strong>Sed</strong></span> <span class='ocrx_word' id='word_1_40' title='bbox 1408 862 1469 919; x_wconf 92' lang='lat' dir='ltr'><strong>iam</strong></span> 
     </span>
     <span class='ocr_line' id='line_1_6' title="bbox 317 958 1469 1038; baseline -0.002 -21"><span class='ocrx_word' id='word_1_41' title='bbox 317 968 405 1018; x_wconf 80' lang='lat' dir='ltr'><strong>antea</strong></span> <span class='ocrx_word' id='word_1_42' title='bbox 424 959 539 1036; x_wconf 78' lang='lat' dir='ltr'><strong>Anglua</strong></span> <span class='ocrx_word' id='word_1_43' title='bbox 558 961 589 1019; x_wconf 90' lang='lat' dir='ltr'><strong>ni</strong></span> <span class='ocrx_word' id='word_1_44' title='bbox 609 960 693 1020; x_wconf 80' lang='lat' dir='ltr'><strong>fallor</strong></span> <span class='ocrx_word' id='word_1_45' title='bbox 712 962 742 1020; x_wconf 91' lang='lat' dir='ltr'><strong>in</strong></span> <span class='ocrx_word' id='word_1_46' title='bbox 759 959 884 1038; x_wconf 83' lang='lat' dir='ltr'><strong>Ephem.</strong></span> <span class='ocrx_word' id='word_1_47' title='bbox 900 960 992 1020; x_wconf 88' lang='lat' dir='ltr'><strong>Class.</strong></span> <span class='ocrx_word' id='word_1_48' title='bbox 1007 960 1060 1019; x_wconf 93' lang='lat' dir='ltr'><strong>IV.</strong></span> <span class='ocrx_word' id='word_1_49' title='bbox 1078 974 1146 1035; x_wconf 80' lang='lat'><strong>297,</strong></span> <span class='ocrx_word' id='word_1_50' title='bbox 1166 958 1232 1017; x_wconf 90' lang='lat' dir='ltr'><strong>XV.</strong></span> <span class='ocrx_word' id='word_1_51' title='bbox 1252 972 1317 1033; x_wconf 83' lang='lat'>107,</span> <span class='ocrx_word' id='word_1_52' title='bbox 1332 977 1358 1017; x_wconf 92' lang='lat' dir='ltr'><strong>c.</strong></span> <span class='ocrx_word' id='word_1_53' title='bbox 1375 958 1469 1017; x_wconf 87' lang='lat' dir='ltr'><strong>XXX</strong></span> 
     </span>
     <span class='ocr_line' id='line_1_7' title="bbox 317 1056 1469 1138; baseline 0.001 -23"><span class='ocrx_word' id='word_1_54' title='bbox 317 1056 419 1135; x_wconf 82' lang='lat' dir='ltr'><strong>Alfene</strong></span> <span class='ocrx_word' id='word_1_55' title='bbox 438 1060 577 1117; x_wconf 77' lang='lat' dir='ltr'><strong>rinmemor</strong></span> <span class='ocrx_word' id='word_1_56' title='bbox 588 1066 669 1136; x_wconf 78' lang='lat' dir='ltr'><strong>alque</strong></span> <span class='ocrx_word' id='word_1_57' title='bbox 681 1062 821 1119; x_wconf 74' lang='lat' dir='ltr'><strong>maritari</strong></span> <span class='ocrx_word' id='word_1_58' title='bbox 824 1059 907 1138; x_wconf 75' lang='lat' dir='ltr'><strong>sitire</strong></span> <span class='ocrx_word' id='word_1_59' title='bbox 918 1058 1056 1118; x_wconf 77' lang='lat' dir='ltr'><em>sodalibus</em></span> <span class='ocrx_word' id='word_1_60' title='bbox 1072 1060 1104 1118; x_wconf 89' lang='lat' dir='ltr'><strong>in</strong></span> <span class='ocrx_word' id='word_1_61' title='bbox 1118 1070 1175 1119; x_wconf 86' lang='lat' dir='ltr'><strong>tres</strong></span> <span class='ocrx_word' id='word_1_62' title='bbox 1196 1058 1331 1136; x_wconf 86' lang='lat' dir='ltr'><strong>strophas</strong></span> <span class='ocrx_word' id='word_1_63' title='bbox 1346 1070 1469 1134; x_wconf 90' lang='lat' dir='ltr'><strong>quater·</strong></span> 
     </span>
     <span class='ocr_line' id='line_1_8' title="bbox 316 1156 1468 1235; baseline 0 -20"><span class='ocrx_word' id='word_1_64' title='bbox 316 1174 424 1216; x_wconf 89' lang='lat' dir='ltr'><strong>nomm</strong></span> <span class='ocrx_word' id='word_1_65' title='bbox 444 1176 581 1217; x_wconf 86' lang='lat' dir='ltr'><strong>uersuum</strong></span> <span class='ocrx_word' id='word_1_66' title='bbox 601 1158 754 1231; x_wconf 87' lang='lat' dir='ltr'><strong>diuiserat;</strong></span> <span class='ocrx_word' id='word_1_67' title='bbox 779 1159 943 1235; x_wconf 75' lang='lat' dir='ltr'><strong>feceratque</strong></span> <span class='ocrx_word' id='word_1_68' title='bbox 964 1158 1042 1219; x_wconf 82' lang='lat' dir='ltr'><strong>Idem</strong></span> <span class='ocrx_word' id='word_1_69' title='bbox 1059 1156 1265 1217; x_wconf 87' lang='lat' dir='ltr'><strong>Lachmannus</strong></span> <span class='ocrx_word' id='word_1_70' title='bbox 1286 1158 1315 1215; x_wconf 90' lang='lat' dir='ltr'><strong>in</strong></span> <span class='ocrx_word' id='word_1_71' title='bbox 1333 1158 1468 1216; x_wconf 77' lang='lat' dir='ltr'><strong>editione</strong></span> 
     </span>
     <span class='ocr_line' id='line_1_9' title="bbox 318 1253 1467 1339; baseline -0.002 -24"><span class='ocrx_word' id='word_1_72' title='bbox 318 1254 424 1315; x_wconf 88' lang='lat' dir='ltr'><strong>Catulli</strong></span> <span class='ocrx_word' id='word_1_73' title='bbox 446 1258 541 1333; x_wconf 89' lang='lat' dir='ltr'><strong>priore</strong></span> <span class='ocrx_word' id='word_1_74' title='bbox 564 1254 680 1339; x_wconf 78' lang='lat'>(1829).</span> <span class='ocrx_word' id='word_1_75' title='bbox 722 1256 829 1318; x_wconf 82' lang='lat' dir='ltr'><strong>Postea</strong></span> <span class='ocrx_word' id='word_1_76' title='bbox 856 1258 886 1317; x_wconf 88' lang='lat' dir='ltr'><strong>in</strong></span> <span class='ocrx_word' id='word_1_77' title='bbox 909 1256 1026 1335; x_wconf 81' lang='lat' dir='ltr'><strong>Bergldi</strong></span> <span class='ocrx_word' id='word_1_78' title='bbox 1050 1266 1078 1317; x_wconf 88' lang='lat' dir='ltr'><strong>et</strong></span> <span class='ocrx_word' id='word_1_79' title='bbox 1103 1256 1235 1316; x_wconf 82' lang='lat' dir='ltr'><strong>Caesaris</strong></span> <span class='ocrx_word' id='word_1_80' title='bbox 1256 1253 1337 1314; x_wconf 89' lang='lat' dir='ltr'><strong>Diar.</strong></span> <span class='ocrx_word' id='word_1_81' title='bbox 1360 1256 1467 1331; x_wconf 85' lang='lat' dir='ltr'><strong>Antiq.</strong></span> 
     </span>
     <span class='ocr_line' id='line_1_10' title="bbox 321 1352 1466 1433; baseline 0 -22"><span class='ocrx_word' id='word_1_82' title='bbox 321 1356 400 1427; x_wconf 83' lang='lat'><strong>1845</strong></span> <span class='ocrx_word' id='word_1_83' title='bbox 421 1370 452 1429; x_wconf 89' lang='lat' dir='ltr'><strong>p.</strong></span> <span class='ocrx_word' id='word_1_84' title='bbox 464 1372 521 1429; x_wconf 78' lang='lat'><strong>39²</strong></span> <span class='ocrx_word' id='word_1_85' title='bbox 544 1356 575 1413; x_wconf 89' lang='lat' dir='ltr'><strong>in</strong></span> <span class='ocrx_word' id='word_1_86' title='bbox 594 1374 647 1415; x_wconf 86' lang='lat' dir='ltr'><strong>aex</strong></span> <span class='ocrx_word' id='word_1_87' title='bbox 668 1356 804 1432; x_wconf 89' lang='lat' dir='ltr'><strong>strophas</strong></span> <span class='ocrx_word' id='word_1_88' title='bbox 826 1356 978 1433; x_wconf 85' lang='lat' dir='ltr'><strong>descripsit</strong></span> <span class='ocrx_word' id='word_1_89' title='bbox 999 1356 1133 1414; x_wconf 89' lang='lat' dir='ltr'><strong>binomm</strong></span> <span class='ocrx_word' id='word_1_90' title='bbox 1158 1372 1302 1415; x_wconf 88' lang='lat' dir='ltr'><strong>uersuum.</strong></span> <span class='ocrx_word' id='word_1_91' title='bbox 1347 1352 1466 1413; x_wconf 81' lang='lat' dir='ltr'><strong>Eodem</strong></span> 
     </span>
     <span class='ocr_line' id='line_1_11' title="bbox 318 1451 1466 1531; baseline -0.003 -20"><span class='ocrx_word' id='word_1_92' title='bbox 318 1452 386 1511; x_wconf 92' lang='lat' dir='ltr'><strong>loco</strong></span> <span class='ocrx_word' id='word_1_93' title='bbox 412 1452 512 1511; x_wconf 91' lang='lat' dir='ltr'><strong>docuit</strong></span> <span class='ocrx_word' id='word_1_94' title='bbox 539 1454 668 1529; x_wconf 72' lang='lat' dir='ltr'><strong>singulas</strong></span> <span class='ocrx_word' id='word_1_95' title='bbox 696 1454 832 1531; x_wconf 86' lang='lat' dir='ltr'><strong>strophas</strong></span> <span class='ocrx_word' id='word_1_96' title='bbox 866 1452 1050 1531; x_wconf 83' lang='lat' dir='ltr'><strong>Epithalamii</strong></span> <span class='ocrx_word' id='word_1_97' title='bbox 1079 1452 1166 1513; x_wconf 82' lang='lat' dir='ltr'><strong>Collis</strong></span> <span class='ocrx_word' id='word_1_98' title='bbox 1199 1470 1215 1511; x_wconf 88' lang='lat' dir='ltr'><strong>o</strong></span> <span class='ocrx_word' id='word_1_99' title='bbox 1244 1451 1407 1511; x_wconf 77' lang='lat' dir='ltr'><strong>Hele&#39;com&#39;ei</strong></span> <span class='ocrx_word' id='word_1_100' title='bbox 1429 1470 1466 1509; x_wconf 83' lang='lat' dir='ltr'><strong>etr</strong></span> 
     </span>
     <span class='ocr_line' id='line_1_12' title="bbox 318 1550 1465 1629; baseline -0.002 -20"><span class='ocrx_word' id='word_1_101' title='bbox 318 1551 482 1625; x_wconf 83' lang='lat' dir='ltr'><strong>systematis</strong></span> <span class='ocrx_word' id='word_1_102' title='bbox 495 1551 611 1611; x_wconf 93' lang='lat' dir='ltr'><strong>duobus</strong></span> <span class='ocrx_word' id='word_1_103' title='bbox 626 1552 722 1629; x_wconf 89' lang='lat' dir='ltr'><strong>priore</strong></span> <span class='ocrx_word' id='word_1_104' title='bbox 736 1569 873 1612; x_wconf 90' lang='lat' dir='ltr'><strong>uersuum</strong></span> <span class='ocrx_word' id='word_1_105' title='bbox 888 1560 1045 1621; x_wconf 87' lang='lat' dir='ltr'><strong>ternorum,</strong></span> <span class='ocrx_word' id='word_1_106' title='bbox 1059 1552 1217 1629; x_wconf 90' lang='lat' dir='ltr'><strong>posteriore</strong></span> <span class='ocrx_word' id='word_1_107' title='bbox 1235 1550 1373 1608; x_wconf 89' lang='lat' dir='ltr'><strong>binomm</strong></span> <span class='ocrx_word' id='word_1_108' title='bbox 1393 1568 1465 1608; x_wconf 92' lang='lat' dir='ltr'><strong>con-</strong></span> 
     </span>
     <span class='ocr_line' id='line_1_13' title="bbox 318 1646 1466 1725; baseline 0.002 -20"><span class='ocrx_word' id='word_1_109' title='bbox 318 1656 404 1705; x_wconf 81' lang='lat' dir='ltr'><strong>stare.</strong></span> <span class='ocrx_word' id='word_1_110' title='bbox 426 1646 459 1707; x_wconf 88' lang='lat' dir='ltr'><strong>C.</strong></span> <span class='ocrx_word' id='word_1_111' title='bbox 476 1646 561 1707; x_wconf 91' lang='lat' dir='ltr'>LXII</span> <span class='ocrx_word' id='word_1_112' title='bbox 582 1648 620 1709; x_wconf 91' lang='lat' dir='ltr'><strong>ad</strong></span> <span class='ocrx_word' id='word_1_113' title='bbox 640 1649 720 1725; x_wconf 79' lang='lat' dir='ltr'><strong>leges</strong></span> <span class='ocrx_word' id='word_1_114' title='bbox 741 1650 892 1709; x_wconf 87' lang='lat' dir='ltr'><strong>amoebaei</strong></span> <span class='ocrx_word' id='word_1_115' title='bbox 913 1650 1047 1708; x_wconf 87' lang='lat' dir='ltr'><strong>carminis</strong></span> <span class='ocrx_word' id='word_1_116' title='bbox 1068 1650 1177 1725; x_wconf 91' lang='lat' dir='ltr'><strong>primus</strong></span> <span class='ocrx_word' id='word_1_117' title='bbox 1191 1646 1336 1707; x_wconf 79' lang='lat' dir='ltr'><strong>Naelrius¹</strong></span> <span class='ocrx_word' id='word_1_118' title='bbox 1359 1659 1466 1725; x_wconf 88' lang='lat' dir='ltr'><strong>postea</strong></span> 
     </span>
     <span class='ocr_line' id='line_1_14' title="bbox 319 1747 1466 1827; baseline 0 -20"><span class='ocrx_word' id='word_1_119' title='bbox 319 1747 527 1809; x_wconf 88' lang='lat' dir='ltr'><strong>Lachmaonua</strong></span> <span class='ocrx_word' id='word_1_120' title='bbox 548 1748 694 1827; x_wconf 89' lang='lat' dir='ltr'><strong>Hauptius</strong></span> <span class='ocrx_word' id='word_1_121' title='bbox 711 1750 901 1811; x_wconf 88' lang='lat' dir='ltr'><strong>Hermannus</strong></span> <span class='ocrx_word' id='word_1_122' title='bbox 920 1748 1117 1809; x_wconf 87' lang='lat' dir='ltr'><strong>Froehlichius</strong></span> <span class='ocrx_word' id='word_1_123' title='bbox 1138 1747 1338 1807; x_wconf 84' lang='lat' dir='ltr'><strong>Rossbachius</strong></span> <span class='ocrx_word' id='word_1_124' title='bbox 1360 1748 1466 1808; x_wconf 90' lang='lat' dir='ltr'><strong>Leuts·</strong></span> 
     </span>
     <span class='ocr_line' id='line_1_15' title="bbox 318 1844 1465 1925; baseline 0.002 -21"><span class='ocrx_word' id='word_1_125' title='bbox 318 1846 401 1906; x_wconf 88' lang='lat' dir='ltr'><strong>chius</strong></span> <span class='ocrx_word' id='word_1_126' title='bbox 425 1846 592 1919; x_wconf 89' lang='lat' dir='ltr'><strong>Pleitnems,</strong></span> <span class='ocrx_word' id='word_1_127' title='bbox 622 1848 786 1925; x_wconf 89' lang='lat' dir='ltr'><strong>nuperrime</strong></span> <span class='ocrx_word' id='word_1_128' title='bbox 814 1864 886 1907; x_wconf 91' lang='lat' dir='ltr'><strong>uero</strong></span> <span class='ocrx_word' id='word_1_129' title='bbox 913 1845 1028 1906; x_wconf 90' lang='lat' dir='ltr'><strong>Riesius</strong></span> <span class='ocrx_word' id='word_1_130' title='bbox 1056 1846 1208 1906; x_wconf 90' lang='lat' dir='ltr'><strong>Richterus</strong></span> <span class='ocrx_word' id='word_1_131' title='bbox 1236 1844 1381 1905; x_wconf 85' lang='lat' dir='ltr'><strong>Frankius</strong></span> <span class='ocrx_word' id='word_1_132' title='bbox 1411 1866 1465 1924; x_wconf 87' lang='lat' dir='ltr'><strong>pro</strong></span> 
     </span>
     <span class='ocr_line' id='line_1_16' title="bbox 319 1944 1465 2021; baseline 0.002 -18"><span class='ocrx_word' id='word_1_133' title='bbox 319 1962 351 2003; x_wconf 92' lang='lat' dir='ltr'><strong>se</strong></span> <span class='ocrx_word' id='word_1_134' title='bbox 374 1945 497 2021; x_wconf 93' lang='lat' dir='ltr'><strong>quisque</strong></span> <span class='ocrx_word' id='word_1_135' title='bbox 524 1945 662 2005; x_wconf 87' lang='lat' dir='ltr'><strong>reducere</strong></span> <span class='ocrx_word' id='word_1_136' title='bbox 686 1946 783 2005; x_wconf 89' lang='lat' dir='ltr'><strong>conati</strong></span> <span class='ocrx_word' id='word_1_137' title='bbox 803 1954 877 2004; x_wconf 91' lang='lat' dir='ltr'><strong>sunt.</strong></span> <span class='ocrx_word' id='word_1_138' title='bbox 930 1944 1009 2003; x_wconf 89' lang='lat' dir='ltr'><strong>Tum</strong></span> <span class='ocrx_word' id='word_1_139' title='bbox 1034 1944 1168 2003; x_wconf 89' lang='lat' dir='ltr'><strong>Handius</strong></span> <span class='ocrx_word' id='word_1_140' title='bbox 1192 1944 1222 2001; x_wconf 89' lang='lat' dir='ltr'><strong>in</strong></span> <span class='ocrx_word' id='word_1_141' title='bbox 1245 1956 1465 2021; x_wconf 84' lang='lat' dir='ltr'><strong>programmate</strong></span> 
     </span>
     <span class='ocr_line' id='line_1_17' title="bbox 319 2042 1464 2120; baseline 0.002 -19"><span class='ocrx_word' id='word_1_142' title='bbox 319 2042 409 2103; x_wconf 87' lang='lat' dir='ltr'><strong>Iertae</strong></span> <span class='ocrx_word' id='word_1_143' title='bbox 430 2062 510 2103; x_wconf 90' lang='lat' dir='ltr'><strong>anno</strong></span> <span class='ocrx_word' id='word_1_144' title='bbox 534 2046 610 2116; x_wconf 81' lang='lat'>1848</span> <span class='ocrx_word' id='word_1_145' title='bbox 633 2044 712 2103; x_wconf 87' lang='lat' dir='ltr'><strong>edito</strong></span> <span class='ocrx_word' id='word_1_146' title='bbox 736 2063 759 2104; x_wconf 78' lang='lat' dir='ltr'><strong>c.</strong></span> <span class='ocrx_word' id='word_1_147' title='bbox 783 2042 839 2103; x_wconf 92' lang='lat' dir='ltr'><strong>LV</strong></span> <span class='ocrx_word' id='word_1_148' title='bbox 857 2042 979 2103; x_wconf 82' lang='lat' dir='ltr'><strong>Oramus</strong></span> <span class='ocrx_word' id='word_1_149' title='bbox 999 2046 1029 2101; x_wconf 83' lang='lat' dir='ltr'><strong>si</strong></span> <span class='ocrx_word' id='word_1_150' title='bbox 1041 2043 1125 2120; x_wconf 82' lang='lat' dir='ltr'><strong>sorte</strong></span> <span class='ocrx_word' id='word_1_151' title='bbox 1144 2061 1197 2101; x_wconf 79' lang='lat' dir='ltr'><strong>nort</strong></span> <span class='ocrx_word' id='word_1_152' title='bbox 1217 2043 1353 2101; x_wconf 75' lang='lat' dir='ltr'><strong>molestum</strong></span> <span class='ocrx_word' id='word_1_153' title='bbox 1374 2052 1418 2102; x_wconf 73' lang='lat' dir='ltr'><strong>er!</strong></span> <span class='ocrx_word' id='word_1_154' title='bbox 1435 2046 1464 2103; x_wconf 89' lang='lat' dir='ltr'><strong>in</strong></span> 
     </span>
     <span class='ocr_line' id='line_1_18' title="bbox 319 2140 1465 2219; baseline -0.002 -18"><span class='ocrx_word' id='word_1_155' title='bbox 319 2150 377 2201; x_wconf 91' lang='lat' dir='ltr'><strong>tres</strong></span> <span class='ocrx_word' id='word_1_156' title='bbox 399 2151 496 2219; x_wconf 84' lang='lat' dir='ltr'><strong>partes</strong></span> <span class='ocrx_word' id='word_1_157' title='bbox 523 2142 665 2203; x_wconf 88' lang='lat' dir='ltr'><strong>distribuit</strong></span> <span class='ocrx_word' id='word_1_158' title='bbox 686 2141 742 2202; x_wconf 91' lang='lat' dir='ltr'><strong>hac</strong></span> <span class='ocrx_word' id='word_1_159' title='bbox 767 2142 833 2219; x_wconf 80' lang='lat' dir='ltr'><strong>lege</strong></span> <span class='ocrx_word' id='word_1_160' title='bbox 860 2151 892 2201; x_wconf 90' lang='lat' dir='ltr'><strong>ut</strong></span> <span class='ocrx_word' id='word_1_161' title='bbox 919 2142 978 2201; x_wconf 91' lang='lat' dir='ltr'><strong>bini</strong></span> <span class='ocrx_word' id='word_1_162' title='bbox 1006 2158 1107 2201; x_wconf 88' lang='lat' dir='ltr'><strong>uersus</strong></span> <span class='ocrx_word' id='word_1_163' title='bbox 1131 2140 1281 2217; x_wconf 86' lang='lat' dir='ltr'><strong>stropham</strong></span> <span class='ocrx_word' id='word_1_164' title='bbox 1306 2140 1465 2211; x_wconf 87' lang='lat' dir='ltr'><strong>efficerent,</strong></span> 
     </span>
     <span class='ocr_line' id='line_1_19' title="bbox 318 2240 1466 2319; baseline 0.003 -21"><span class='ocrx_word' id='word_1_165' title='bbox 318 2258 444 2316; x_wconf 91' lang='lat' dir='ltr'><strong>quorum</strong></span> <span class='ocrx_word' id='word_1_166' title='bbox 457 2258 595 2300; x_wconf 87' lang='lat' dir='ltr'><strong>uersuum</strong></span> <span class='ocrx_word' id='word_1_167' title='bbox 609 2242 687 2319; x_wconf 92' lang='lat' dir='ltr'><strong>prior</strong></span> <span class='ocrx_word' id='word_1_168' title='bbox 701 2241 884 2318; x_wconf 88' lang='lat' dir='ltr'><strong>spondaeum</strong></span> <span class='ocrx_word' id='word_1_169' title='bbox 900 2242 929 2299; x_wconf 93' lang='lat' dir='ltr'><strong>in</strong></span> <span class='ocrx_word' id='word_1_170' title='bbox 944 2240 1072 2299; x_wconf 89' lang='lat' dir='ltr'><strong>secunda</strong></span> <span class='ocrx_word' id='word_1_171' title='bbox 1090 2240 1159 2299; x_wconf 91' lang='lat' dir='ltr'><strong>sede</strong></span> <span class='ocrx_word' id='word_1_172' title='bbox 1173 2249 1303 2317; x_wconf 89' lang='lat' dir='ltr'><strong>poneret,</strong></span> <span class='ocrx_word' id='word_1_173' title='bbox 1319 2243 1466 2317; x_wconf 84' lang='lat' dir='ltr'><strong>posterior</strong></span> 
     </span>
     <span class='ocr_line' id='line_1_20' title="bbox 319 2338 1464 2417; baseline 0 -18"><span class='ocrx_word' id='word_1_174' title='bbox 319 2338 473 2417; x_wconf 90' lang='lat' dir='ltr'><strong>dactylum.</strong></span> <span class='ocrx_word' id='word_1_175' title='bbox 526 2338 616 2399; x_wconf 87' lang='lat' dir='ltr'><strong>Hunc</strong></span> <span class='ocrx_word' id='word_1_176' title='bbox 643 2357 761 2417; x_wconf 89' lang='lat' dir='ltr'><strong>quoque</strong></span> <span class='ocrx_word' id='word_1_177' title='bbox 786 2339 877 2399; x_wconf 88' lang='lat' dir='ltr'><strong>secuti</strong></span> <span class='ocrx_word' id='word_1_178' title='bbox 901 2348 968 2397; x_wconf 88' lang='lat' dir='ltr'><strong>aunt</strong></span> <span class='ocrx_word' id='word_1_179' title='bbox 995 2338 1168 2416; x_wconf 86' lang='lat' dir='ltr'><strong>complures,</strong></span> <span class='ocrx_word' id='word_1_180' title='bbox 1195 2355 1320 2414; x_wconf 90' lang='lat' dir='ltr'><strong>quorum</strong></span> <span class='ocrx_word' id='word_1_181' title='bbox 1346 2350 1464 2399; x_wconf 88' lang='lat' dir='ltr'><strong>senten-</strong></span> 
     </span>
     <span class='ocr_line' id='line_1_21' title="bbox 317 2434 1466 2515; baseline 0 -20"><span class='ocrx_word' id='word_1_182' title='bbox 317 2437 373 2497; x_wconf 90' lang='lat' dir='ltr'><strong>tias</strong></span> <span class='ocrx_word' id='word_1_183' title='bbox 397 2437 452 2514; x_wconf 90' lang='lat' dir='ltr'><strong>ipsi</strong></span> <span class='ocrx_word' id='word_1_184' title='bbox 475 2438 595 2497; x_wconf 89' lang='lat' dir='ltr'><strong>carmini</strong></span> <span class='ocrx_word' id='word_1_185' title='bbox 614 2439 747 2515; x_wconf 88' lang='lat' dir='ltr'><strong>apposui.</strong></span> <span class='ocrx_word' id='word_1_186' title='bbox 798 2436 933 2515; x_wconf 89' lang='lat' dir='ltr'><strong>Denique</strong></span> <span class='ocrx_word' id='word_1_187' title='bbox 952 2454 977 2495; x_wconf 90' lang='lat' dir='ltr'><strong>c.</strong></span> <span class='ocrx_word' id='word_1_188' title='bbox 1000 2434 1071 2495; x_wconf 93' lang='lat' dir='ltr'><strong>LXI</strong></span> <span class='ocrx_word' id='word_1_189' title='bbox 1093 2435 1131 2495; x_wconf 91' lang='lat' dir='ltr'><strong>ad</strong></span> <span class='ocrx_word' id='word_1_190' title='bbox 1155 2454 1293 2495; x_wconf 89' lang='lat' dir='ltr'><strong>ntuneros</strong></span> <span class='ocrx_word' id='word_1_191' title='bbox 1316 2437 1414 2496; x_wconf 89' lang='lat' dir='ltr'><strong>retulit</strong></span> <span class='ocrx_word' id='word_1_192' title='bbox 1436 2448 1466 2495; x_wconf 91' lang='lat' dir='ltr'><strong>et</strong></span> 
     </span>
     <span class='ocr_line' id='line_1_22' title="bbox 318 2534 1464 2613; baseline 0.001 -19"><span class='ocrx_word' id='word_1_193' title='bbox 318 2534 374 2594; x_wconf 90' lang='lat' dir='ltr'><strong>hac</strong></span> <span class='ocrx_word' id='word_1_194' title='bbox 394 2536 505 2595; x_wconf 89' lang='lat' dir='ltr'><strong>ratione</strong></span> <span class='ocrx_word' id='word_1_195' title='bbox 525 2536 676 2613; x_wconf 86' lang='lat' dir='ltr'><strong>descripsit</strong></span> <span class='ocrx_word' id='word_1_196' title='bbox 696 2534 856 2596; x_wconf 87' lang='lat' dir='ltr'><strong>Pleitnerus</strong></span> <span class='ocrx_word' id='word_1_197' title='bbox 875 2536 905 2594; x_wconf 94' lang='lat' dir='ltr'><strong>in</strong></span> <span class='ocrx_word' id='word_1_198' title='bbox 924 2534 1021 2594; x_wconf 92' lang='lat' dir='ltr'><strong>libello</strong></span> <span class='ocrx_word' id='word_1_199' title='bbox 1040 2552 1099 2611; x_wconf 91' lang='lat' dir='ltr'><strong>quo</strong></span> <span class='ocrx_word' id='word_1_200' title='bbox 1118 2534 1175 2595; x_wconf 92' lang='lat' dir='ltr'><strong>hoc</strong></span> <span class='ocrx_word' id='word_1_201' title='bbox 1195 2552 1314 2595; x_wconf 91' lang='lat' dir='ltr'><strong>carmen</strong></span> <span class='ocrx_word' id='word_1_202' title='bbox 1331 2544 1361 2593; x_wconf 91' lang='lat' dir='ltr'><strong>et</strong></span> <span class='ocrx_word' id='word_1_203' title='bbox 1375 2535 1464 2595; x_wconf 92' lang='lat' dir='ltr'>LXII</span> 
     </span>
     <span class='ocr_line' id='line_1_23' title="bbox 319 2633 460 2693; baseline -0.007 -1"><span class='ocrx_word' id='word_1_204' title='bbox 319 2633 460 2693; x_wconf 87' lang='lat' dir='ltr'><strong>tractauit.</strong></span> 
     </span>
    </p>

    <p class='ocr_par' dir='ltr' id='par_1_3' title="bbox 316 2728 1464 4379">
     <span class='ocr_line' id='line_1_24' title="bbox 360 2728 1464 2808; baseline 0.004 -19"><span class='ocrx_word' id='word_1_205' title='bbox 360 2730 419 2789; x_wconf 89' lang='lat' dir='ltr'><strong>Sed</strong></span> <span class='ocrx_word' id='word_1_206' title='bbox 436 2731 605 2807; x_wconf 88' lang='lat' dir='ltr'><strong>priusquam</strong></span> <span class='ocrx_word' id='word_1_207' title='bbox 621 2731 659 2790; x_wconf 91' lang='lat' dir='ltr'><strong>de</strong></span> <span class='ocrx_word' id='word_1_208' title='bbox 672 2728 778 2790; x_wconf 87' lang='lat' dir='ltr'><strong>Catulli</strong></span> <span class='ocrx_word' id='word_1_209' title='bbox 797 2730 972 2791; x_wconf 79' lang='lat' dir='ltr'><strong>comunibus</strong></span> <span class='ocrx_word' id='word_1_210' title='bbox 989 2730 1142 2807; x_wconf 88' lang='lat' dir='ltr'><strong>quulmur,</strong></span> <span class='ocrx_word' id='word_1_211' title='bbox 1157 2749 1251 2808; x_wconf 90' lang='lat' dir='ltr'><strong>pauca</strong></span> <span class='ocrx_word' id='word_1_212' title='bbox 1264 2732 1412 2808; x_wconf 88' lang='lat' dir='ltr'><strong>quaedam</strong></span> <span class='ocrx_word' id='word_1_213' title='bbox 1427 2734 1464 2793; x_wconf 92' lang='lat' dir='ltr'><strong>de</strong></span> 
     </span>
     <span class='ocr_line' id='line_1_25' title="bbox 318 2828 1464 2908; baseline 0 -19"><span class='ocrx_word' id='word_1_214' title='bbox 318 2829 455 2889; x_wconf 86' lang='lat' dir='ltr'><strong>uniuersa</strong></span> <span class='ocrx_word' id='word_1_215' title='bbox 474 2847 505 2887; x_wconf 92' lang='lat' dir='ltr'><strong>re</strong></span> <span class='ocrx_word' id='word_1_216' title='bbox 526 2828 652 2887; x_wconf 89' lang='lat' dir='ltr'><strong>dicenda</strong></span> <span class='ocrx_word' id='word_1_217' title='bbox 671 2838 748 2894; x_wconf 89' lang='lat' dir='ltr'><strong>sunt,</strong></span> <span class='ocrx_word' id='word_1_218' title='bbox 763 2829 889 2907; x_wconf 87' lang='lat' dir='ltr'><strong>prImum</strong></span> <span class='ocrx_word' id='word_1_219' title='bbox 903 2839 999 2889; x_wconf 90' lang='lat' dir='ltr'><strong>utrum</strong></span> <span class='ocrx_word' id='word_1_220' title='bbox 1013 2840 1208 2907; x_wconf 82' lang='lat' dir='ltr'><strong>repugnantes</strong></span> <span class='ocrx_word' id='word_1_221' title='bbox 1227 2828 1333 2889; x_wconf 87' lang='lat' dir='ltr'><strong>habeat</strong></span> <span class='ocrx_word' id='word_1_222' title='bbox 1346 2848 1400 2889; x_wconf 90' lang='lat' dir='ltr'><strong>eos</strong></span> <span class='ocrx_word' id='word_1_223' title='bbox 1413 2832 1464 2908; x_wconf 94' lang='lat' dir='ltr'><strong>qui</strong></span> 
     </span>
     <span class='ocr_line' id='line_1_26' title="bbox 318 2927 1462 3008; baseline 0.003 -21"><span class='ocrx_word' id='word_1_224' title='bbox 318 2928 356 2987; x_wconf 88' lang='lat' dir='ltr'><strong>de</strong></span> <span class='ocrx_word' id='word_1_225' title='bbox 376 2927 474 2986; x_wconf 91' lang='lat' dir='ltr'><strong>metris</strong></span> <span class='ocrx_word' id='word_1_226' title='bbox 496 2928 679 3005; x_wconf 88' lang='lat' dir='ltr'><strong>scripsemnt,</strong></span> <span class='ocrx_word' id='word_1_227' title='bbox 694 2928 799 2987; x_wconf 88' lang='lat' dir='ltr'><strong>deinde</strong></span> <span class='ocrx_word' id='word_1_228' title='bbox 812 2939 910 2987; x_wconf 92' lang='lat' dir='ltr'><strong>utrum</strong></span> <span class='ocrx_word' id='word_1_229' title='bbox 928 2928 996 2987; x_wconf 90' lang='lat' dir='ltr'><strong>alibi</strong></span> <span class='ocrx_word' id='word_1_230' title='bbox 1014 2929 1178 3005; x_wconf 88' lang='lat' dir='ltr'><strong>reperiatur.</strong></span> <span class='ocrx_word' id='word_1_231' title='bbox 1221 2928 1312 3002; x_wconf 92' lang='lat' dir='ltr'><strong>Quod</strong></span> <span class='ocrx_word' id='word_1_232' title='bbox 1331 2930 1462 3008; x_wconf 88' lang='lat' dir='ltr'><strong>plerique</strong></span> 
     </span>
     <span class='ocr_line' id='line_1_27' title="bbox 318 3026 1462 3104; baseline 0.004 -19"><span class='ocrx_word' id='word_1_233' title='bbox 318 3036 427 3101; x_wconf 79' lang='lat' dir='ltr'><strong>negant</strong></span> <span class='ocrx_word' id='word_1_234' title='bbox 443 3026 580 3086; x_wconf 86' lang='lat' dir='ltr'><strong>metricos</strong></span> <span class='ocrx_word' id='word_1_235' title='bbox 597 3026 753 3103; x_wconf 92' lang='lat' dir='ltr'><strong>quicquam</strong></span> <span class='ocrx_word' id='word_1_236' title='bbox 774 3027 812 3086; x_wconf 90' lang='lat' dir='ltr'><strong>de</strong></span> <span class='ocrx_word' id='word_1_237' title='bbox 831 3028 984 3104; x_wconf 89' lang='lat' dir='ltr'><strong>partitione</strong></span> <span class='ocrx_word' id='word_1_238' title='bbox 1001 3029 1163 3087; x_wconf 83' lang='lat' dir='ltr'><strong>carmInum</strong></span> <span class='ocrx_word' id='word_1_239' title='bbox 1181 3028 1325 3102; x_wconf 74' lang='grc' dir='ltr'>ἱσομίιρον</span> <span class='ocrx_word' id='word_1_240' title='bbox 1345 3029 1462 3101; x_wconf 78' lang='lat' dir='ltr'><strong>dixisse,</strong></span> 
     </span>
     <span class='ocr_line' id='line_1_28' title="bbox 317 3122 1461 3203; baseline 0.003 -20"><span class='ocrx_word' id='word_1_241' title='bbox 317 3142 420 3183; x_wconf 89' lang='lat' dir='ltr'><strong>uemm</strong></span> <span class='ocrx_word' id='word_1_242' title='bbox 433 3122 503 3183; x_wconf 93' lang='lat' dir='ltr'><strong>illud</strong></span> <span class='ocrx_word' id='word_1_243' title='bbox 516 3122 644 3200; x_wconf 91' lang='lat' dir='ltr'><strong>quidem,</strong></span> <span class='ocrx_word' id='word_1_244' title='bbox 659 3123 787 3183; x_wconf 90' lang='lat' dir='ltr'><strong>sednon</strong></span> <span class='ocrx_word' id='word_1_245' title='bbox 801 3142 837 3183; x_wconf 81' lang='lat' dir='ltr'><strong>etr</strong></span> <span class='ocrx_word' id='word_1_246' title='bbox 851 3126 933 3183; x_wconf 90' lang='lat' dir='ltr'><strong>omni</strong></span> <span class='ocrx_word' id='word_1_247' title='bbox 947 3134 1028 3203; x_wconf 87' lang='lat' dir='ltr'><strong>parte</strong></span> <span class='ocrx_word' id='word_1_248' title='bbox 1043 3136 1095 3185; x_wconf 92' lang='lat' dir='ltr'><strong>est.</strong></span> <span class='ocrx_word' id='word_1_249' title='bbox 1137 3125 1221 3199; x_wconf 91' lang='lat' dir='ltr'><strong>Quos</strong></span> <span class='ocrx_word' id='word_1_250' title='bbox 1236 3134 1267 3185; x_wconf 93' lang='lat' dir='ltr'><strong>ut</strong></span> <span class='ocrx_word' id='word_1_251' title='bbox 1281 3143 1342 3186; x_wconf 88' lang='lat' dir='ltr'><strong>nou</strong></span> <span class='ocrx_word' id='word_1_252' title='bbox 1356 3128 1461 3187; x_wconf 87' lang='lat' dir='ltr'><strong>infitier</strong></span> 
     </span>
     <span class='ocr_line' id='line_1_29' title="bbox 318 3221 1459 3301; baseline 0.004 -20"><span class='ocrx_word' id='word_1_253' title='bbox 318 3230 475 3299; x_wconf 86' lang='lat' dir='ltr'><strong>systemata</strong></span> <span class='ocrx_word' id='word_1_254' title='bbox 495 3238 530 3281; x_wconf 92' lang='lat' dir='ltr'><strong>ac</strong></span> <span class='ocrx_word' id='word_1_255' title='bbox 551 3221 686 3298; x_wconf 91' lang='lat' dir='ltr'><strong>strophas</strong></span> <span class='ocrx_word' id='word_1_256' title='bbox 707 3222 746 3281; x_wconf 91' lang='lat' dir='ltr'><strong>ibi</strong></span> <span class='ocrx_word' id='word_1_257' title='bbox 767 3221 827 3281; x_wconf 79' lang='lat' dir='ltr'><strong>fere</strong></span> <span class='ocrx_word' id='word_1_258' title='bbox 852 3240 967 3301; x_wconf 87' lang='lat' dir='ltr'><strong>semper</strong></span> <span class='ocrx_word' id='word_1_259' title='bbox 989 3241 1100 3301; x_wconf 91' lang='lat' dir='ltr'><strong>ponere</strong></span> <span class='ocrx_word' id='word_1_260' title='bbox 1119 3224 1169 3283; x_wconf 90' lang='lat' dir='ltr'><strong>ubi</strong></span> <span class='ocrx_word' id='word_1_261' title='bbox 1191 3233 1303 3285; x_wconf 91' lang='lat' dir='ltr'><strong>mutato</strong></span> <span class='ocrx_word' id='word_1_262' title='bbox 1322 3244 1459 3286; x_wconf 88' lang='lat' dir='ltr'><strong>uersuum</strong></span> 
     </span>
     <span class='ocr_line' id='line_1_30' title="bbox 318 3318 1461 3399; baseline 0.005 -22"><span class='ocrx_word' id='word_1_263' title='bbox 318 3318 454 3397; x_wconf 85' lang='lat' dir='ltr'><strong>rhythmo</strong></span> <span class='ocrx_word' id='word_1_264' title='bbox 475 3338 593 3380; x_wconf 90' lang='lat' dir='ltr'><strong>carmen</strong></span> <span class='ocrx_word' id='word_1_265' title='bbox 613 3320 764 3392; x_wconf 85' lang='lat' dir='ltr'><strong>diuidattu‚</strong></span> <span class='ocrx_word' id='word_1_266' title='bbox 782 3321 880 3393; x_wconf 88' lang='lat' dir='ltr'><strong>ueluti,</strong></span> <span class='ocrx_word' id='word_1_267' title='bbox 901 3322 926 3381; x_wconf 91' lang='lat' dir='ltr'><strong>si</strong></span> <span class='ocrx_word' id='word_1_268' title='bbox 947 3323 984 3381; x_wconf 93' lang='lat' dir='ltr'><strong>de</strong></span> <span class='ocrx_word' id='word_1_269' title='bbox 1005 3324 1168 3398; x_wconf 88' lang='lat' dir='ltr'><strong>anapaestis</strong></span> <span class='ocrx_word' id='word_1_270' title='bbox 1189 3340 1236 3382; x_wconf 90' lang='lat' dir='ltr'><strong>res</strong></span> <span class='ocrx_word' id='word_1_271' title='bbox 1260 3334 1313 3395; x_wconf 91' lang='lat' dir='ltr'><strong>est,</strong></span> <span class='ocrx_word' id='word_1_272' title='bbox 1334 3333 1461 3399; x_wconf 88' lang='lat' dir='ltr'><strong>systema</strong></span> 
     </span>
     <span class='ocr_line' id='line_1_31' title="bbox 316 3420 1458 3497; baseline 0.004 -18"><span class='ocrx_word' id='word_1_273' title='bbox 316 3438 381 3480; x_wconf 89' lang='lat' dir='ltr'><strong>non</strong></span> <span class='ocrx_word' id='word_1_274' title='bbox 412 3421 475 3497; x_wconf 85' lang='lat' dir='ltr'><strong>pari</strong></span> <span class='ocrx_word' id='word_1_275' title='bbox 506 3439 629 3481; x_wconf 92' lang='lat' dir='ltr'><strong>numero</strong></span> <span class='ocrx_word' id='word_1_276' title='bbox 660 3421 796 3482; x_wconf 90' lang='lat' dir='ltr'><strong>similium</strong></span> <span class='ocrx_word' id='word_1_277' title='bbox 824 3438 962 3481; x_wconf 89' lang='lat' dir='ltr'><strong>uersuum</strong></span> <span class='ocrx_word' id='word_1_278' title='bbox 994 3420 1026 3479; x_wconf 85' lang='lat' dir='ltr'><strong>fit</strong></span> <span class='ocrx_word' id='word_1_279' title='bbox 1061 3440 1149 3481; x_wconf 91' lang='lat' dir='ltr'><strong>sensu</strong></span> <span class='ocrx_word' id='word_1_280' title='bbox 1179 3432 1293 3481; x_wconf 91' lang='lat' dir='ltr'><strong>tantum</strong></span> <span class='ocrx_word' id='word_1_281' title='bbox 1322 3423 1458 3483; x_wconf 88' lang='lat' dir='ltr'><strong>discreto·</strong></span> 
     </span>
     <span class='ocr_line' id='line_1_32' title="bbox 317 3519 1460 3596; baseline 0.001 -18"><span class='ocrx_word' id='word_1_282' title='bbox 317 3537 392 3591; x_wconf 92' lang='lat' dir='ltr'><strong>rum,</strong></span> <span class='ocrx_word' id='word_1_283' title='bbox 413 3519 467 3578; x_wconf 92' lang='lat' dir='ltr'><strong>sed</strong></span> <span class='ocrx_word' id='word_1_284' title='bbox 488 3531 584 3579; x_wconf 91' lang='lat' dir='ltr'><strong>certus</strong></span> <span class='ocrx_word' id='word_1_285' title='bbox 606 3537 743 3579; x_wconf 90' lang='lat' dir='ltr'><strong>numerus</strong></span> <span class='ocrx_word' id='word_1_286' title='bbox 766 3536 903 3579; x_wconf 91' lang='lat' dir='ltr'><strong>uersuum</strong></span> <span class='ocrx_word' id='word_1_287' title='bbox 926 3520 1042 3579; x_wconf 90' lang='lat' dir='ltr'><strong>mutatis</strong></span> <span class='ocrx_word' id='word_1_288' title='bbox 1069 3520 1161 3578; x_wconf 85' lang='lat' dir='ltr'><strong>ultImi</strong></span> <span class='ocrx_word' id='word_1_289' title='bbox 1183 3519 1315 3596; x_wconf 93' lang='lat' dir='ltr'><strong>pedibus,</strong></span> <span class='ocrx_word' id='word_1_290' title='bbox 1336 3520 1394 3581; x_wconf 91' lang='lat' dir='ltr'><strong>hoc</strong></span> <span class='ocrx_word' id='word_1_291' title='bbox 1417 3532 1460 3580; x_wconf 88' lang='lat' dir='ltr'><strong>est</strong></span> 
     </span>
     <span class='ocr_line' id='line_1_33' title="bbox 318 3616 1457 3695; baseline 0.002 -20"><span class='ocrx_word' id='word_1_292' title='bbox 318 3617 447 3676; x_wconf 90' lang='lat' dir='ltr'><strong>admisso</strong></span> <span class='ocrx_word' id='word_1_293' title='bbox 479 3619 673 3694; x_wconf 85' lang='lat' dir='ltr'><strong>paroemiaco,</strong></span> <span class='ocrx_word' id='word_1_294' title='bbox 702 3636 738 3676; x_wconf 86' lang='lat' dir='ltr'><strong>ex</strong></span> <span class='ocrx_word' id='word_1_295' title='bbox 766 3618 953 3695; x_wconf 89' lang='lat' dir='ltr'><strong>sequentibus</strong></span> <span class='ocrx_word' id='word_1_296' title='bbox 984 3616 1144 3678; x_wconf 90' lang='lat' dir='ltr'><strong>disiunctus</strong></span> <span class='ocrx_word' id='word_1_297' title='bbox 1171 3617 1228 3677; x_wconf 91' lang='lat' dir='ltr'><strong>hoc</strong></span> <span class='ocrx_word' id='word_1_298' title='bbox 1255 3617 1347 3678; x_wconf 93' lang='lat' dir='ltr'><strong>modo</strong></span> <span class='ocrx_word' id='word_1_299' title='bbox 1374 3618 1457 3678; x_wconf 89' lang='lat' dir='ltr'><strong>efficit</strong></span> 
     </span>
     <span class='ocr_line' id='line_1_34' title="bbox 317 3714 1460 3791; baseline 0.002 -18"><span class='ocrx_word' id='word_1_300' title='bbox 317 3724 463 3790; x_wconf 88' lang='lat' dir='ltr'><strong>systema;</strong></span> <span class='ocrx_word' id='word_1_301' title='bbox 495 3724 527 3773; x_wconf 92' lang='lat' dir='ltr'><strong>ut</strong></span> <span class='ocrx_word' id='word_1_302' title='bbox 550 3714 801 3791; x_wconf 89' lang='lat' dir='ltr'><strong>Hephaestionem</strong></span> <span class='ocrx_word' id='word_1_303' title='bbox 824 3715 986 3775; x_wconf 91' lang='lat' dir='ltr'><strong>concedam</strong></span> <span class='ocrx_word' id='word_1_304' title='bbox 1007 3715 1038 3773; x_wconf 90' lang='lat' dir='ltr'><strong>in</strong></span> <span class='ocrx_word' id='word_1_305' title='bbox 1062 3714 1135 3775; x_wconf 92' lang='lat' dir='ltr'><strong>libro</strong></span> <span class='ocrx_word' id='word_1_306' title='bbox 1160 3733 1214 3775; x_wconf 91' lang='lat' dir='ltr'><strong>suo</strong></span> <span class='ocrx_word' id='word_1_307' title='bbox 1239 3718 1299 3789; x_wconf 72' lang='grc' dir='ltr'><strong>περὶ</strong></span> <span class='ocrx_word' id='word_1_308' title='bbox 1321 3717 1460 3787; x_wconf 71' lang='grc' dir='ltr'>ποιήματος</span> 
     </span>
     <span class='ocr_line' id='line_1_35' title="bbox 317 3811 1458 3892; baseline 0.002 -21"><span class='ocrx_word' id='word_1_309' title='bbox 317 3823 347 3871; x_wconf 91' lang='lat' dir='ltr'><strong>et</strong></span> <span class='ocrx_word' id='word_1_310' title='bbox 363 3812 394 3871; x_wconf 92' lang='lat' dir='ltr'><strong>in</strong></span> <span class='ocrx_word' id='word_1_311' title='bbox 407 3811 592 3873; x_wconf 82' lang='lat' dir='ltr'><strong>Encheiridio</strong></span> <span class='ocrx_word' id='word_1_312' title='bbox 605 3812 772 3873; x_wconf 89' lang='lat' dir='ltr'><strong>huiusmodi</strong></span> <span class='ocrx_word' id='word_1_313' title='bbox 791 3812 924 3891; x_wconf 88' lang='lat' dir='ltr'><strong>strophas</strong></span> <span class='ocrx_word' id='word_1_314' title='bbox 939 3814 1109 3892; x_wconf 91' lang='lat' dir='ltr'><strong>plerumque</strong></span> <span class='ocrx_word' id='word_1_315' title='bbox 1128 3815 1271 3891; x_wconf 89' lang='lat' dir='ltr'><strong>respicere</strong></span> <span class='ocrx_word' id='word_1_316' title='bbox 1279 3834 1288 3887; x_wconf 90' lang='lat'>;</span> <span class='ocrx_word' id='word_1_317' title='bbox 1310 3816 1350 3873; x_wconf 89' lang='lat' dir='ltr'><strong>ita</strong></span> <span class='ocrx_word' id='word_1_318' title='bbox 1367 3832 1458 3891; x_wconf 88' lang='lat' dir='ltr'><strong>neque</strong></span> 
     </span>
     <span class='ocr_line' id='line_1_36' title="bbox 318 3910 1458 3990; baseline 0.003 -22"><span class='ocrx_word' id='word_1_319' title='bbox 318 3910 418 3969; x_wconf 90' lang='lat' dir='ltr'><strong>omnia</strong></span> <span class='ocrx_word' id='word_1_320' title='bbox 436 3920 549 3970; x_wconf 88' lang='lat' dir='ltr'><strong>ueteres</strong></span> <span class='ocrx_word' id='word_1_321' title='bbox 566 3911 735 3970; x_wconf 82' lang='lat' dir='ltr'><strong>crediderIm</strong></span> <span class='ocrx_word' id='word_1_322' title='bbox 749 3912 900 3971; x_wconf 88' lang='lat' dir='ltr'><strong>tradidisse</strong></span> <span class='ocrx_word' id='word_1_323' title='bbox 919 3930 995 3990; x_wconf 93' lang='lat' dir='ltr'><strong>quae</strong></span> <span class='ocrx_word' id='word_1_324' title='bbox 1012 3912 1048 3971; x_wconf 93' lang='lat' dir='ltr'><strong>de</strong></span> <span class='ocrx_word' id='word_1_325' title='bbox 1069 3912 1200 3971; x_wconf 90' lang='lat' dir='ltr'><strong>uersibus</strong></span> <span class='ocrx_word' id='word_1_326' title='bbox 1220 3930 1290 3971; x_wconf 90' lang='lat' dir='ltr'><strong>uera</strong></span> <span class='ocrx_word' id='word_1_327' title='bbox 1310 3912 1458 3981; x_wconf 88' lang='lat' dir='ltr'><strong>habentur,</strong></span> 
     </span>
     <span class='ocr_line' id='line_1_37' title="bbox 317 4006 1457 4087; baseline 0.003 -21"><span class='ocrx_word' id='word_1_328' title='bbox 317 4006 397 4066; x_wconf 92' lang='lat' dir='ltr'><strong>ethi</strong></span> <span class='ocrx_word' id='word_1_329' title='bbox 419 4008 475 4084; x_wconf 91' lang='lat' dir='ltr'><strong>ipsi</strong></span> <span class='ocrx_word' id='word_1_330' title='bbox 496 4008 636 4069; x_wconf 90' lang='lat' dir='ltr'><strong>nonnulla</strong></span> <span class='ocrx_word' id='word_1_331' title='bbox 656 4008 693 4068; x_wconf 93' lang='lat' dir='ltr'><strong>de</strong></span> <span class='ocrx_word' id='word_1_332' title='bbox 715 4008 773 4069; x_wconf 87' lang='lat' dir='ltr'><strong>hoc</strong></span> <span class='ocrx_word' id='word_1_333' title='bbox 798 4010 827 4068; x_wconf 93' lang='lat' dir='ltr'><strong>in</strong></span> <span class='ocrx_word' id='word_1_334' title='bbox 850 4027 909 4087; x_wconf 94' lang='lat' dir='ltr'><strong>quo</strong></span> <span class='ocrx_word' id='word_1_335' title='bbox 930 4028 1079 4069; x_wconf 88' lang='lat' dir='ltr'><strong>uersamur</strong></span> <span class='ocrx_word' id='word_1_336' title='bbox 1097 4010 1272 4087; x_wconf 90' lang='lat' dir='ltr'><strong>reliquerunt</strong></span> <span class='ocrx_word' id='word_1_337' title='bbox 1292 4010 1398 4087; x_wconf 90' lang='lat' dir='ltr'><strong>quibus</strong></span> <span class='ocrx_word' id='word_1_338' title='bbox 1418 4029 1457 4069; x_wconf 92' lang='lat' dir='ltr'><strong>re·</strong></span> 
     </span>
     <span class='ocr_line' id='line_1_38' title="bbox 317 4106 1456 4185; baseline 0.002 -20"><span class='ocrx_word' id='word_1_339' title='bbox 317 4106 480 4166; x_wconf 91' lang='lat' dir='ltr'><strong>centiorum</strong></span> <span class='ocrx_word' id='word_1_340' title='bbox 508 4106 695 4167; x_wconf 86' lang='lat' dir='ltr'><strong>confirmetur</strong></span> <span class='ocrx_word' id='word_1_341' title='bbox 723 4106 833 4183; x_wconf 90' lang='lat' dir='ltr'><strong>opinio.</strong></span> <span class='ocrx_word' id='word_1_342' title='bbox 889 4106 989 4167; x_wconf 90' lang='lat' dir='ltr'><strong>Verba</strong></span> <span class='ocrx_word' id='word_1_343' title='bbox 1019 4107 1247 4185; x_wconf 81' lang='lat' dir='ltr'><strong>HephaestionIs</strong></span> <span class='ocrx_word' id='word_1_344' title='bbox 1275 4107 1456 4184; x_wconf 88' lang='lat' dir='ltr'><strong>respiciamus</strong></span> 
     </span>
     <span class='ocr_line' id='line_1_39' title="bbox 318 4205 1456 4283; baseline -0.003 -19"><span class='ocrx_word' id='word_1_345' title='bbox 318 4223 393 4281; x_wconf 90' lang='lat' dir='ltr'><strong>quae</strong></span> <span class='ocrx_word' id='word_1_346' title='bbox 428 4216 495 4265; x_wconf 90' lang='lat' dir='ltr'><strong>sunt</strong></span> <span class='ocrx_word' id='word_1_347' title='bbox 520 4206 551 4264; x_wconf 92' lang='lat' dir='ltr'><strong>in</strong></span> <span class='ocrx_word' id='word_1_348' title='bbox 577 4206 698 4265; x_wconf 80' lang='lat' dir='ltr'><strong>exordIo</strong></span> <span class='ocrx_word' id='word_1_349' title='bbox 725 4205 788 4263; x_wconf 91' lang='lat' dir='ltr'><strong>libri</strong></span> <span class='ocrx_word' id='word_1_350' title='bbox 821 4209 880 4279; x_wconf 75' lang='grc' dir='ltr'><strong>περὶ</strong></span> <span class='ocrx_word' id='word_1_351' title='bbox 907 4206 1048 4279; x_wconf 70' lang='grc' dir='ltr'>ποιήματος</span> <span class='ocrx_word' id='word_1_352' title='bbox 1073 4205 1087 4281; x_wconf 66' lang='grc' dir='ltr'><strong>ξ</strong></span> <span class='ocrx_word' id='word_1_353' title='bbox 1110 4226 1164 4278; x_wconf 86' lang='lat'><strong>114</strong></span> <span class='ocrx_word' id='word_1_354' title='bbox 1194 4205 1353 4283; x_wconf 84' lang='lat' dir='ltr'><strong>Westphal.</strong></span> <span class='ocrx_word' id='word_1_355' title='bbox 1405 4212 1456 4261; x_wconf 76' lang='grc' dir='ltr'><strong>τῶν</strong></span> 
     </span>
     <span class='ocr_line' id='line_1_40' title="bbox 317 4303 1455 4379; baseline 0 -19"><span class='ocrx_word' id='word_1_356' title='bbox 317 4307 466 4377; x_wconf 71' lang='grc' dir='ltr'>ποιημάτων</span> <span class='ocrx_word' id='word_1_357' title='bbox 486 4306 518 4363; x_wconf 75' lang='grc' dir='ltr'><strong>τὰ</strong></span> <span class='ocrx_word' id='word_1_358' title='bbox 535 4305 583 4378; x_wconf 67' lang='grc' dir='ltr'><strong>μέν</strong></span> <span class='ocrx_word' id='word_1_359' title='bbox 596 4307 655 4363; x_wconf 70' lang='grc' dir='ltr'><strong>ἐστι</strong></span> <span class='ocrx_word' id='word_1_360' title='bbox 673 4307 738 4363; x_wconf 74' lang='grc' dir='ltr'><strong>κατὰ</strong></span> <span class='ocrx_word' id='word_1_361' title='bbox 755 4303 856 4377; x_wconf 80' lang='grc' dir='ltr'>στίχον,</span> <span class='ocrx_word' id='word_1_362' title='bbox 874 4306 906 4361; x_wconf 81' lang='lat' dir='ltr'><strong>rd</strong></span> <span class='ocrx_word' id='word_1_363' title='bbox 926 4306 955 4361; x_wconf 77' lang='grc' dir='ltr'><strong>δὲ</strong></span> <span class='ocrx_word' id='word_1_364' title='bbox 974 4308 1162 4379; x_wconf 68' lang='lat' dir='ltr'><strong>comportati,</strong></span> <span class='ocrx_word' id='word_1_365' title='bbox 1181 4308 1213 4363; x_wconf 78' lang='grc' dir='ltr'><strong>τὰ</strong></span> <span class='ocrx_word' id='word_1_366' title='bbox 1234 4308 1262 4363; x_wconf 77' lang='lat' dir='ltr'><strong>di</strong></span> <span class='ocrx_word' id='word_1_367' title='bbox 1280 4306 1365 4377; x_wconf 73' lang='grc' dir='ltr'>μικτὰ,</span> <span class='ocrx_word' id='word_1_368' title='bbox 1380 4307 1411 4361; x_wconf 77' lang='grc' dir='ltr'><strong>τὰ</strong></span> <span class='ocrx_word' id='word_1_369' title='bbox 1430 4306 1455 4360; x_wconf 78' lang='grc' dir='ltr'><strong>δὲ</strong></span> 
     </span>
    </p>
   </div>
   <div class='ocr_carea' id='block_1_3' title="bbox 728 4486 1050 4551">
    <p class='ocr_par' dir='ltr' id='par_1_4' title="bbox 728 4486 1050 4551">
     <span class='ocr_line' id='line_1_41' title="bbox 728 4486 1050 4551; baseline -0.003 -14"><span class='ocrx_word' id='word_1_370' title='bbox 728 4486 737 4516; x_wconf 89' lang='lat'><em>¹</em></span> <span class='ocrx_word' id='word_1_371' title='bbox 754 4488 868 4550; x_wconf 84' lang='lat' dir='ltr'><strong>Opuscula</strong></span> <span class='ocrx_word' id='word_1_372' title='bbox 882 4488 900 4537; x_wconf 90' lang='lat' dir='ltr'><strong>l.</strong></span> <span class='ocrx_word' id='word_1_373' title='bbox 912 4504 949 4550; x_wconf 92' lang='lat' dir='ltr'><strong>pp.</strong></span> <span class='ocrx_word' id='word_1_374' title='bbox 962 4500 1015 4550; x_wconf 77' lang='lat'>103,</span> <span class='ocrx_word' id='word_1_375' title='bbox 1028 4504 1050 4551; x_wconf 86' lang='lat'><strong>4.</strong></span> 
     </span>
    </p>
   </div>
   <div class='ocr_carea' id='block_1_4' title="bbox 0 0 1576 5059">
    <p class='ocr_par' dir='ltr' id='par_1_5' title="bbox 0 0 1576 5059">
     <span class='ocr_line' id='line_1_42' title="bbox 0 0 1576 5059; baseline 0 2"><span class='ocrx_word' id='word_1_376' title='bbox 0 0 1576 5059; x_wconf 95' lang='lat' dir='ltr'><strong> </strong></span> 
     </span>
    </p>
   </div>
  </div>
 </body>
</html>
