3142 5059
488 391 708 456 CARMEN
738 392 876 457 XCVII.

236 575 356 641 Verum
379 582 480 644 etiam
502 582 592 645 culus
613 582 762 645 mundior
784 591 818 644 et
843 582 978 644 melior:

152 748 243 812 Nam
265 751 337 812 sine
360 750 512 814 dentibus
536 753 608 815 hic:
638 753 748 816 dentis
770 772 807 815 os
830 752 1070 836 sesquipedalis
1245 781 1259 829 5

237 860 400 945 Gingiuas
421 884 498 927 uero
519 864 647 948 ploxeni
670 865 767 927 babet
790 864 924 949 ueteris,

193 972 363 1037 Praeterea
385 977 502 1039 rictum
525 977 652 1059 qualem
675 976 818 1040 defessus
841 978 877 1040 in
899 987 991 1039 aestu

236 1085 397 1151 Meientis
421 1089 526 1151 mulae
549 1109 673 1151 cunnus
694 1089 811 1151 habere
834 1090 926 1152 solet.

140 1340 169 1391 6.
190 1338 288 1393 Festus
301 1357 328 1409 p.
340 1359 391 1407 230
405 1340 464 1411 (ed.
478 1340 622 1411 Mueller).
659 1343 804 1396 Ploxinum
821 1342 949 1410 appellari
963 1344 1001 1396 ait
1015 1341 1137 1395 Catullus
1148 1357 1260 1409 capsum

97 1410 131 1462 in
161 1411 210 1462 cisi
253 1412 428 1482 capsa(1n)ue
453 1429 517 1467 cum
545 1413 613 1466 dixit
637 1415 791 1480 ‘Gingiuas
815 1430 883 1467 uero
907 1414 1009 1482 ploxini
1033 1412 1116 1465 habet
1140 1413 1260 1465 ueteris!

98 1480 186 1533 Paul.
233 1482 284 1535 iac.
303 1483 340 1536 ib.
358 1500 385 1551 p.
400 1501 461 1549 231.
492 1485 638 1538 Ploxinum
657 1484 823 1553 (ploximum
843 1485 925 1539 Gloss.
937 1485 1008 1538 Ball.
1022 1484 1099 1537 Pauli
1116 1504 1134 1537 a
1153 1504 1188 1537 m.
1199 1482 1260 1554 pr.)

98 1567 217 1619 capsam
234 1552 371 1608 dixerunt.

141 1624 277 1690 Qinctil.
292 1625 314 1677 l.
329 1643 354 1690 5.
368 1630 394 1679 8.
412 1626 504 1678 Vnum
523 1626 551 1678 in
569 1632 651 1692 gente
668 1626 748 1695 quale
766 1626 797 1679 fit
816 1626 839 1679 si
856 1626 916 1694 quis
931 1625 1029 1679 Afrum
1045 1626 1089 1677 uel
1106 1624 1260 1692 Hispanum

98 1693 224 1747 Latinae
238 1696 356 1749 orationi
373 1712 474 1750 nomen
492 1698 602 1763 inserat,
614 1704 645 1750 ut
662 1696 766 1749 ferrum
781 1713 837 1765 quo
852 1703 930 1749 rotae
946 1698 1104 1749 uinciuntur
1119 1696 1172 1749 dici
1190 1696 1261 1748 solet

98 1764 231 1830 canthus,
253 1782 409 1835 quanquam
434 1783 469 1820 eo
493 1774 625 1835 tanquam
649 1775 762 1836 recepto
788 1768 874 1821 utitur
895 1768 1019 1835 Persius;
1045 1768 1115 1820 sicut
1138 1768 1261 1820 Catullus

96 1835 256 1903 ploxenum
267 1837 341 1891 circa
354 1838 461 1892 Padum
472 1839 587 1894 inuenit.

443 2062 456 2080 Ι

99 2110 161 2217 (ἐξω
175 2092 249 2217 qqtt.)
269 2094 609 2219 iiiiiiuis‘llblifffslnffit'r
622 2094 875 2219 Dg'illnql(i(lilth{c
894 2096 938 2179 ille
950 2094 1091 2219 dq'caqql'qn
1175 2094 1260 2220 quil

131 2180 286 2217 usocm
402 2183 459 2219 ms
547 2182 777 2219 immuniussu
893 2185 1033 2219 rnsusar
1093 2206 1100 2219 .
1241 2183 1250 2220 1

99 2234 275 2293 immundius
298 2236 352 2290 hoc
376 2237 441 2290 nibil
465 2244 508 2291 est
533 2238 698 2291 immundius
722 2238 768 2290 illo
789 2178 1031 2306 Alc.¹i¹.⁴(estque)
1049 2238 1165 2289 Muretus
1189 2238 1259 2307 Vulp.

101 2306 152 2358 Nil
171 2306 337 2360 immundius
352 2308 407 2361 hoc
424 2308 517 2377 nilque
534 2315 576 2361 est
593 2309 758 2361 immundius
774 2308 819 2361 illo
834 2310 962 2361 Guarinus
1059 2307 1189 2360 Mundius
1207 2307 1260 2361 hoc

101 2378 173 2429 nihil
191 2383 234 2430 est
249 2378 382 2447 nobisque
400 2379 564 2432 immundius
580 2378 645 2431 illud
662 2380 759 2432 Statim
772 2379 854 2449 Sillig.
957 2378 1003 2430 Nil
1022 2378 1187 2431 immundius
1205 2378 1259 2432 hoc

100 2448 249 2515 nihiloque
267 2449 432 2503 immundius
450 2450 516 2503 illud
532 2450 646 2519 Scaliger
658 2452 726 2504 Voss.
740 2452 815 2504 Conr.
828 2450 859 2501 de
872 2448 941 2503 Allio
958 2451 1079 2518 Doering.
1167 2448 1260 2502 Nihilo

101 2518 236 2571 mundius
253 2519 307 2573 boc
325 2520 464 2589 nihiloque
479 2520 631 2592 (nilostque
648 2520 815 2590 Schwabs'us)
831 2520 998 2574 immundior
1016 2520 1058 2573 ille
1077 2522 1258 2573 Lachmannus

186 2599 206 2642 t.
224 2591 312 2644 Rossb.
331 2592 452 2645 Schwab.
579 2591 624 2645 Nil
646 2592 811 2644 immundius
832 2590 884 2645 hoc
907 2591 1046 2659 nihiloque
1068 2596 1110 2643 'est
1133 2591 1260 2644 mundius

102 2659 152 2713 illu
193 2662 362 2715 Frachlichius
380 2664 454 2731 Heys.
551 2664 646 2732 Scr'psi
664 2662 728 2714 Nilo
749 2662 876 2715 mundius
894 2662 955 2729 hoc,
974 2663 1084 2730 niloque
1104 2662 1259 2715 inmundius

104 2731 183 2797 illud,
202 2732 229 2784 h.
240 2752 262 2785 e.
280 2752 306 2785 os
324 2734 402 2786 nihilo
422 2733 539 2787 mundior
557 2754 597 2786 nes
616 2744 655 2785 est
674 2733 737 2799 culo,
755 2734 824 2785 carlus
842 2734 919 2786 nihilo
936 2735 1081 2789 inmundior
1098 2752 1137 2786 res
1154 2744 1192 2785 est
1210 2752 1260 2800 ore,

98 2813 129 2942 {t
147 2806 188 2926 ειῖ
208 2802 266 2856 oui.
284 2805 310 2857 S.
327 2805 431 2858 Walker
446 2806 474 2858 in
493 2805 601 2874 Corpore
619 2807 757 2858 Poetarum
777 2806 939 2859 Latinorum.
975 2806 1018 2873 (if.
1034 2805 1142 2857 Laclrm.
1159 2806 1261 2858 Lucret.

122 2891 158 2925 .2
183 2912 192 2927 .

142 2964 170 3009 4.
208 2945 288 2998 estO
357 2944 443 2999 cullus
454 2965 481 2999 a.

143 3033 169 3079 5.
211 3016 280 3068 Num
303 3019 359 3069 sine
385 3018 511 3069 (lentibus
536 3026 578 3069 est
604 3018 646 3069 hic
673 3018 761 3069 (lentis
786 3032 900 3083 seseque
923 3014 1068 3087 (serreque
1090 3016 1128 3086 V)
1149 3018 1258 3071 ‹leslales

107 3086 409 3141 Aucotsauatorh
495 3086 567 3140 Nam
578 3088 637 3141 sine
649 3086 776 3141 dentibus
789 3093 831 3140 est
844 3086 888 3140 hic
900 3087 990 3140 dentis
1003 3087 1053 3139 bos
1065 3084 1110 3157 (os
1122 3107 1141 3140 a
1153 3089 1260 3141 Riccar·

105 3155 216 3226 dianus)
231 3158 436 3227 sesquipedales
450 3157 549 3227 (esque
568 3158 669 3227 pedalis
687 3157 721 3226 a)
738 3158 785 3211 Da
801 3160 870 3211 Ricc.
995 3156 1068 3210 Nam
1089 3159 1147 3211 sine
1168 3159 1260 3213 denti·

104 3226 158 3281 bus
181 3235 226 3281 est
246 3228 291 3281 bic
310 3245 371 3282 sese
392 3228 537 3298 dentisque
558 3229 668 3282 dedales
687 3230 717 3281 H
840 3229 897 3281 Est.
935 3228 991 3281 Hic
1011 3230 1139 3282 Guarinus
1151 3231 1260 3284 Luchm.

107 3300 208 3369 Haupt.
296 3307 346 3353 est.
384 3300 449 3353 Hoc
461 3300 535 3369 uulgo
624 3300 682 3353 Est.
717 3300 758 3353 Os
770 3299 860 3353 dentis
873 3299 1040 3352 Froelrlichius
1052 3300 1125 3367 Heys.
1138 3300 1259 3354 schauah.

107 3375 159 3423 est.
198 3370 298 3429 Dentis
312 3371 481 3441 osHauprius
493 3374 520 3424 in
530 3372 570 3423 ed.
581 3372 689 3425 secunda
776 3370 850 3424 Nam
868 3370 927 3423 sine
945 3370 1072 3423 dentibus
1090 3369 1150 3424 bic:
1169 3370 1261 3424 dentis

107 3454 140 3491 os
151 3441 347 3509 sesquipedalis
358 3442 534 3495 Rossbachius.

144 3514 172 3565 6.
209 3512 340 3579 Gigniuas
353 3514 379 3565 V
437 3512 540 3581 ploxini
553 3514 771 3580 Vic.sortasseex
783 3514 856 3565 Festo
914 3510 1061 3579 ploxniOO
1120 3512 1261 3579 ploxinoh

108 3631 241 3698 ploxomo
254 3631 563 3705 ousuaruuppmn
641 3600 806 3701 ..russin
883 3632 1013 3700 nomino
1026 3632 1261 3688 acinacen.

109 3703 250 3769 ploxomio
262 3706 321 3759 Vsa.
332 3716 358 3757 ct
371 3708 421 3758 Va
432 3725 467 3758 m.
475 3718 521 3775 pr.
555 3705 709 3759 Vocabulum
725 3724 776 3758 orn.
794 3707 876 3775 spatio
893 3702 978 3757 relicto
990 3704 1032 3757 Dc
1132 3704 1261 3772 ploxenio

108 3773 147 3826 ed.
162 3791 231 3841 1473
303 3783 413 3829 ueteres
425 3778 468 3830 ad.

146 3860 173 3907 7.
211 3847 340 3899 ‹leffssnn
354 3846 485 3900 ABLa¹O
555 3846 683 3900 defensus
696 3848 783 3900 Vend
860 3846 992 3899 merentis
1004 3847 1064 3899 Dar
1134 3847 1261 3901 meientis

110 3914 181 3969 Ricc.
287 3916 409 3971 defessus
421 3928 487 3984 cett„
499 3916 572 3987 uulgo
583 3929 608 3969 et
619 3919 727 3971 Lachm.
832 3916 934 3969 diffisus
946 3918 1042 3970 Statius
1148 3918 1260 3971 defissus

113 3987 211 4041 Vossius
322 3988 436 4041 diffissus
452 3990 604 4059 Doeringius
616 3988 697 4058 Silup.
710 3990 807 4058 Haupt.
843 3990 950 4041 &iuraui
966 3991 1122 4058 scripturam
1140 3990 1260 4043 codicum·

113 4053 244 4112 Defessus
268 4059 310 4112 uel
330 4059 461 4113 deffessus
484 4065 527 4113 est
550 4060 597 4129 qui
622 4060 675 4112 iam
700 4059 881 4113 defetiscitur.
929 4060 972 4126 Cf.
994 4062 1111 4113 Priscian
1135 4061 1207 4112 Vm.
1225 4077 1258 4125 73

113 4124 151 4192 (l.
163 4147 215 4195 429
229 4130 278 4199 K.)
292 4131 373 4183 Gloss.
385 4131 456 4185 Ball.
470 4131 569 4184 Fessus
580 4132 656 4199 quasi
669 4130 753 4198 fissus,
765 4146 818 4185 nec
837 4130 891 4183 iam
909 4130 1015 4197 integer
1033 4130 1155 4199 corporis
1173 4131 1259 4184 salute

112 4205 188 4253 aestu
198 4220 230 4253 ac
243 4202 356 4270 Scaliger
368 4203 437 4255 Voss.
506 4211 612 4254 nestum
624 4213 681 4255 ceti.

149 4272 174 4322 8.
210 4272 349 4339 Megentis
363 4272 410 4325 GO
499 4273 695 4326 MoerentisH
780 4272 930 4339 Mlngentis
944 4274 970 4324 V
975 4272 1014 4325 ed.
1023 4274 1070 4325 Pr.
1169 4270 1260 4327 defes-

113 4344 228 4396 susDac
315 4344 398 4397 mune
411 4344 464 4397 GH
549 4344 653 4397 millea
758 4343 873 4397 commis
889 4343 912 4397 0
930 4353 958 4395 ut
975 4343 1047 4395 credo
1064 4353 1209 4411 corruptum
1228 4362 1259 4395 ex

114 4420 224 4479 Connus,
236 4434 300 4483 quac
308 4415 404 4481 forma
421 4414 535 4469 uocabuli
552 4414 645 4484 legitur
661 4418 688 4468 in
705 4414 799 4468 duobus
818 4414 886 4467 codd.
900 4415 985 4466 Mart.
999 4415 1035 4467 ΙΙ.
1050 4418 1092 4476 84.
1108 4430 1131 4478 3.
1150 4415 1201 4468 IX.
1215 4430 1259 4479 9²3

118 4492 158 4532 ¹¹·
193 4486 236 4552 Cf.
248 4487 299 4539 Cic.
312 4486 349 4538 ad
360 4486 463 4539 Diuers.
477 4488 529 4539 IX.
546 4503 588 4539 ss.
603 4503 628 4551 3.
