3142 5059
329 360 394 425 218
733 358 1062 425 FRAGMENTA.

454 548 528 635 Qa
549 548 661 613 domus
683 560 738 615 tua
759 550 930 635 Lampsaci
952 559 1001 613 cst
1023 568 1144 633 quaque
1267 546 1388 632 Priape

454 660 545 723 Nam
567 670 602 725 te
624 663 792 746 praecipue
815 664 851 725 in
872 664 938 727 suis
960 662 1089 725 urbibus
1110 660 1189 725 colit
1210 679 1266 723 ora

453 771 693 857 Hellespontia,
714 774 831 837 ceteris
852 774 1016 837 ostriosior
1038 774 1112 837 oris.

322 970 364 1018 est
385 964 449 1019 huic
468 965 574 1019 ‘Hunc
594 966 687 1019 lucum
705 966 756 1020 tibi
776 966 884 1021 dedico’
903 982 1020 1036 sequens
1039 972 1131 1021 autem
1151 980 1261 1019 comma
1280 966 1331 1018 ‘et
1355 965 1481 1019 Latonia

323 1035 439 1089 ‘Delos’
452 1035 515 1090 huic
527 1038 731 1105 ‘consecroque
744 1038 859 1107 Priape!
896 1036 959 1091 Non
978 1039 1074 1105 ignoro
1091 1043 1184 1091 autem
1202 1036 1302 1089 uariari
1320 1037 1430 1103 primas
1447 1044 1478 1089 et

322 1107 455 1160 secundas
470 1108 584 1177 syllabas
599 1108 741 1177 utriusque
757 1110 784 1161 in
798 1107 914 1177 Priapeo
930 1110 1081 1173 commatis,
1094 1116 1124 1161 ut
1141 1108 1225 1161 modo
1242 1107 1277 1159 ab
1292 1106 1392 1159 iambo
1409 1108 1478 1159 inci-

323 1178 387 1299 pipt,
400 1177 534 1301 mpdpiap
542 1178 688 1302 stuppam
705 1181 857 1303 ωὲὲιιείὶηι]
868 1176 1173 1273 Hunc-consecroque
1185 1178 1293 1246 Priape’
1306 1184 1338 1230 et
1352 1180 1361 1207 ‘
1372 1178 1481 1230 Libens

361 1264 403 1371 locd.
422 1264 610 1386 pluenlcof'stl
627 1265 909 1389 appssaprippeursrapeu}
930 1327 960 1373 et
980 1317 1120 1373 bucolicus
1141 1326 1265 1384 uocatur,
1280 1324 1314 1371 ut
1331 1320 1481 1372 ‘Hunc-

324 1389 461 1456 ‘l’riape’
498 1390 554 1443 Hic
569 1405 606 1458 qu
644 1407 678 1444 ue
696 1397 796 1444 octaua
813 1390 914 1460 syllaba
930 1398 1036 1459 partem
1052 1390 1183 1444 orationis
1200 1390 1266 1456 linit,
1279 1390 1405 1459 ideoque
1423 1391 1481 1443 hoc

327 1467 448 1512 metrum
460 1459 614 1513 bucolicum
647 1462 734 1515 icitur.

362 1529 468 1583 Marius
480 1531 636 1585 Victorinus
652 1547 680 1600 p.
695 1536 743 1597 163
758 1530 844 1585 Gaisf.
881 1531 953 1585 ltem
967 1531 1068 1585 ‘Hunc
1081 1532 1171 1585 lucum
1182 1530 1232 1584 tibi
1244 1530 1361 1584 dedico·
1375 1531 1481 1584 dehinc

326 1602 531 1670 ‘consecroque
542 1602 657 1670 Priape!
694 1603 778 1686 Quod
797 1608 915 1657 metrum
934 1602 1078 1672 Priapeum
1096 1619 1113 1655 a
1130 1601 1291 1671 quibusdam
1311 1602 1482 1655 aestimatur

324 1678 438 1740 propter
448 1673 584 1739 geminam
596 1672 810 1728 similitudmem.

363 1741 404 1795 ld.
418 1760 478 1806 207.
515 1742 622 1797 Diuisio
637 1745 716 1797 huius
732 1745 759 1797 in
775 1743 896 1797 secrmdo
913 1750 1051 1797 commate
1067 1742 1182 1797 infracta
1197 1742 1336 1811 paudum
1353 1758 1390 1796 ac
1405 1745 1482 1796 mol·

326 1812 380 1936 ‘lipp
391 1812 547 1937 recepltisin
558 1830 640 1910 uersu
655 1816 744 1883 primo
760 1821 791 1868 et
803 1821 901 1883 quarto
914 1814 1040 1883 spondeis
1055 1814 1178 1880 efficitur,
1191 1820 1221 1866 ut
1237 1814 1310 1881 apud
1323 1814 1483 1881 Catullum,

380 1899 467 1936 unc-
494 1902 533 1938 rra
568 1924 576 1939 .

363 1972 386 2020 3,
400 1974 426 2020 4.
450 1954 491 2009 ld.
506 1901 567 2019 noge.
604 1955 691 2023 Igitur
708 1956 783 2024 quod
804 1955 857 2009 hoc
876 1971 956 2008 uersu
977 1956 1066 2024 Priapi
1088 1954 1180 2008 laudes
1200 1954 1325 2023 plerique
1346 1956 1484 2009 canendo

327 2025 464 2148 pppsecupi
476 2033 543 2149 spnlt¹
552 2026 697 2149 Priapeum
709 2034 829 2150 rpettrpam
841 2032 1038 2094 nuncuparunt,
1051 2026 1125 2149 qpod
1137 2042 1221 2093 genus
1233 2025 1484 2150 hexampltg'cpadep

326 2112 356 2219 {t
375 2112 535 2220 iffiisaaut
545 2112 603 2235 {arg
620 2112 767 2236 sffiidlaeou
776 2112 1383 2236 augggegtaisrsinccolinoeffl?azgngtiffiuffitico
1401 2114 1484 2235 ρτίἳξ

326 2252 435 2291 comma
452 2254 502 2306 pro
520 2238 630 2308 dactylo
648 2239 819 2304 terminetur,
832 2245 862 2290 ut
879 2244 921 2291 est
939 2238 1010 2306 apud
1023 2238 1160 2291 Catullum
1173 2237 1262 2290 ‘Nam
1278 2244 1306 2289 te
1324 2240 1483 2305 praecipue

327 2308 375 2360 ‘in
393 2308 459 2361 suis'
476 2308 575 2362 dehinc
592 2310 800 2377 ‘Hellespontia
817 2308 934 2375 ceteris‚'
949 2308 1059 2377 quando
1076 2307 1140 2361 bina
1157 2313 1219 2361 sunt
1237 2308 1305 2373 cola,
1318 2324 1401 2362 mora
1420 2308 1483 2362 dis-

326 2378 466 2432 tinctionis
484 2379 688 2445 intercedente;
706 2378 781 2449 quod
799 2396 883 2447 genus
899 2395 1027 2431 uersuum
1043 2378 1114 2447 apud
1127 2380 1248 2431 Graecos
1264 2380 1483 2433 comoediarum

327 2456 452 2503 ueterum
470 2450 617 2519 scriptores
634 2450 779 2519 plurimum
798 2457 848 2515 est,
861 2456 889 2503 et
906 2450 990 2515 magis
1007 2449 1078 2517 apud
1095 2450 1203 2517 eosqui
1219 2450 1336 2518 satyrica
1353 2451 1483 2518 scripse-

326 2526 400 2586 runt,
415 2520 488 2573 unde
508 2536 524 2573 a
543 2521 677 2574 nonnullis
697 2522 834 2590 satyricon
855 2520 928 2589 prius
947 2520 1105 2587 uocabatur,
1124 2536 1221 2573 uerum
1240 2527 1334 2588 postea
1355 2520 1428 2574 abiit
1450 2522 1484 2575 in

327 2590 553 2645 cousuetudinem
566 2598 597 2644 ut
609 2591 754 2660 Priapeum
765 2591 955 2660 appellaretur.

363 2662 529 2714 Censorinus
546 2678 572 2729 p.
586 2677 619 2728 97
635 2662 712 2715 lalm.
747 2662 894 2730 Priapeum
907 2660 1160 2731 ‘Hunc-Priape.¹

365 2886 389 2923 a.
425 2868 748 2939 siluasuppleroenmtltali
841 2884 896 2939 qua
907 2875 1057 2937 portusque
1069 2869 1199 2921 Santem'us
1294 2868 1349 2921 erit
1361 2883 1482 2937 quaque

327 2940 507 2993 Lachmanm
524 2940 562 2992 ad
577 2942 751 2994 terentianum
767 2942 891 2993 Mamm
927 2956 979 3005 .9a
1065 2940 1137 3009 Qoi
1156 2939 1254 2992 domus
1267 2978 1274 2993 .
1287 2977 1295 2992 .
1308 2940 1481 3010 ..quoique

327 3012 394 3065 silua
408 3012 556 3081 Doeringius
628 3012 885 3078 Fortassetectacfi
937 3012 1143 3075 t.LX1V.246.

365 3099 388 3147 3.
423 3082 492 3135 haec
504 3082 569 3135 colit
581 3083 723 3136 Brissaeus.

365 3173 389 3218 4.
426 3155 575 3207 ostreosior
585 3153 667 3222 uulgo,
680 3153 821 3206 Brissaem.

869 3315 926 3379 III.

629 3446 669 3509 de
691 3464 764 3508 meo
786 3446 931 3529 ligurrire
954 3444 1055 3508 libido
1076 3453 1126 3508 est

364 3587 470 3641 Nonius
484 3605 544 3653 ¹34·
580 3587 719 3654 Ligurrire
737 3587 889 3654 degustare,
906 3585 979 3639 unde
997 3586 1156 3653 adligurrire
1174 3584 1259 3638 multa
1275 3584 1355 3637 auide
1372 3600 1477 3639 consu-

330 3674 415 3711 mere.
457 3658 593 3711 Horatius
612 3660 756 3711 ‘Semesos
776 3657 864 3726 pisces
884 3657 1061 3726 tepidumque
1083 3656 1228 3723 ligurrierit
1246 3656 1304 3709 ius.’
1348 3655 1478 3711 Catullus

329 3727 575 3851 ?gggoe(s{??tu¹us
593 3729 693 3797 Priopo
711 3728 802 3783 codices
821 3728 897 3795 Noni,
916 3727 1032 3795 Priapeo
1050 3725 1245 3797 Lachmannus)
1263 3726 1319 3780 ‘de
1338 3728 1477 3781 meo-li·

873 3926 927 3991 IV.

586 4056 739 4118 Animula
763 4056 915 4119 miserula
936 4058 1111 4140 properiter
1132 4052 1210 4117 abit.

364 4185 470 4239 Nonius
487 4202 548 4252 517·
586 4187 751 4255 Properiter.
788 4189 909 4242 Catullus
928 4186 1174 4242 ‘animula—abit!
1192 4186 1227 4253 cs.
1243 4186 1360 4239 Dr‘omed.
1373 4188 1424 4251 49⁶
1441 4188 1473 4241 G.

329 4258 606 4312 Proceleusmaticum
617 4265 736 4312 metrum
748 4266 791 4313 est
802 4260 881 4330 quale
893 4258 959 4314 lecit
973 4260 1097 4313 Serenus.
1134 4255 1399 4311 ‘Animula-obiit!

328 4393 468 4400 2-—

364 4465 431 4519 obiit
444 4466 534 4519 codices
547 4466 684 4519 Diomedis.
