3142 5059
306 384 393 442 xxxiv
697 380 1060 443 PROLEGOMENX

304 565 343 625 ad
357 583 382 623 c.
398 562 428 623 11
442 562 560 623 tralatis
574 572 627 633 est,
642 572 671 621 et
684 562 726 621 ad
739 560 863 621 Ortalem
884 563 1024 639 scriptum
1044 578 1098 637 pro
1116 560 1158 619 ad
1170 558 1300 620 Ortalam
1318 571 1356 631 et,
1370 558 1455 637 quod

306 662 439 721 omnium
453 660 674 737 ineptissimum,
689 679 725 719 ex
742 661 840 719 uerbis
853 658 900 720 De
922 659 1014 718 Volusi
1033 669 1136 719 cacata
1154 666 1237 717 carta
1257 658 1389 717 relictum
1407 666 1455 717 est

305 758 351 817 De
372 757 549 816 Lan'cacata.
592 758 760 835 Archetypo
784 759 882 817 titulos
906 757 1035 817 abluisse
1059 756 1229 816 Schwabius
1252 757 1322 816 Inde
1346 755 1456 814 conicit

305 857 386 933 quod
401 857 521 915 carmini
536 855 622 915 LXII
641 857 671 915 in
686 855 850 915 Thuanaeo
864 856 1026 931 praefixum
1039 864 1084 913 est
1097 853 1320 929 Epithalamium
1335 852 1454 923 Catulli,

304 952 335 1012 in
353 954 455 1013 ceteris
469 954 675 1011 Hexametrum
693 972 805 1012 carmem
824 954 951 1029 nuptiale.
995 953 1054 1012 Sed
1068 970 1137 1013 cum
1150 951 1361 1027 anthologiam
1382 951 1455 1010 scri·

303 1052 387 1113 beret
401 1051 489 1128 isqui
503 1051 697 1109 Thuanneum
712 1053 849 1123 exarauit,
864 1069 973 1111 nomen
987 1062 1086 1110 autem
1100 1049 1205 1108 Catulli
1218 1049 1306 1109 uellet
1323 1047 1455 1125 poemati

304 1149 464 1225 praefigere
486 1150 567 1224 quod
591 1168 684 1208 unum
708 1150 790 1226 operi
817 1167 872 1208 suo
896 1150 1050 1219 Inserebat,
1072 1149 1210 1224 idemque
1236 1147 1327 1205 nollet
1347 1146 1455 1203 Hexa-

303 1254 421 1307 melram
450 1244 572 1305 Carmen
601 1245 737 1323 Nupttitlc
766 1246 880 1307 Catulli
907 1256 940 1305 ut
971 1245 1089 1322 longius
1120 1246 1225 1315 dicere,
1258 1262 1321 1303 non
1353 1243 1456 1319 inepte

305 1344 420 1420 scripsit
443 1343 473 1402 id
497 1344 578 1418 quod
602 1344 690 1403 habet
712 1344 892 1403 Thuanaeus
912 1343 1134 1419 Epithalamium
1157 1338 1292 1403 Catullit
1334 1340 1400 1399 Iam
1421 1349 1456 1399 ut

305 1440 376 1499 nihil
400 1443 497 1501 obstat
520 1442 677 1518 quominus
701 1442 731 1499 in
756 1443 914 1517 archetypo
937 1441 1050 1511 fuerint,
1071 1440 1153 1511 tituli,
1172 1441 1220 1510 ita,
1234 1439 1321 1499 titulis
1342 1437 1454 1508 adictis,

305 1539 408 1598 melius
423 1559 454 1599 se
468 1541 557 1600 habet
570 1540 757 1615 archetypon.
800 1539 872 1599 Non
893 1550 992 1599 tamen
1012 1540 1075 1598 aliis
1095 1537 1215 1615 praefixi
1235 1548 1312 1607 sunt,
1332 1538 1456 1595 aberant

305 1636 344 1693 ab
366 1635 437 1706 aliis,
458 1638 540 1695 cuius
566 1638 607 1695 rei
629 1636 708 1694 nulla
730 1647 828 1713 potest
851 1655 916 1695 esse
942 1638 1032 1708 ratio;
1054 1636 1108 1695 scd
1126 1644 1270 1695 uetttstate
1290 1632 1366 1691 erasi
1386 1642 1456 1691 sunt

306 1733 480 1809 complures,
495 1734 651 1810 praecipue
666 1734 696 1791 in
710 1734 812 1792 ultima
827 1744 908 1809 parte
922 1729 1109 1793 carminum¹.
1151 1731 1221 1793 Duo
1239 1732 1313 1790 moti
1329 1738 1399 1789 sunt
1416 1747 1455 1787 ex

305 1829 373 1889 ioco
394 1832 441 1889 cui
462 1832 641 1907 praefigendi
662 1842 751 1903 erant,
766 1832 865 1891 titulus
886 1850 912 1891 c.
927 1830 1061 1889 XXXIX
1074 1830 1127 1889 Aa
1136 1828 1302 1906 Egnatiam,
1315 1829 1366 1905 qui
1386 1838 1456 1887 ante

305 1945 423 1985 uersum
443 1928 598 2004 septImum
618 1928 764 1988 decimum
783 1930 906 2004 scriptus
923 1937 969 1987 est
982 1928 1119 1987 carminis
1134 1925 1291 1996 XXXVII,
1304 1936 1335 1985 et
1355 1916 1456 1985 titulus

306 2043 331 2083 c.
346 2022 450 2083 XCIII
469 2024 521 2083 Ad
538 2025 686 2085 Caesarem
710 2027 760 2101 qui
784 2035 851 2085 ante
874 2024 961 2084 XCII
983 2026 1097 2103 positus
1119 2034 1172 2083 est.
1214 2022 1305 2097 Quod
1327 2022 1358 2081 in
1378 2022 1455 2082 libro

305 2122 400 2192 toties
415 2123 439 2181 si
453 2141 522 2180 uera
536 2124 748 2193 ratiocinamur,
763 2124 909 2199 exscripto
923 2141 1013 2181 nemo
1027 2122 1177 2183 mitabitur
1190 2121 1341 2181 accidisse

348 2218 487 2295 Superest
510 2230 543 2278 ut
567 2219 604 2278 de
628 2220 699 2295 ipsis
723 2220 875 2280 codicibus
899 2220 996 2279 dicam
1019 2237 1095 2295 quos
1120 2220 1151 2277 In
1172 2218 1228 2279 hac
1251 2218 1380 2279 editione
1401 2235 1455 2277 ex-

305 2315 396 2375 hibui.

351 2455 376 2495 1.
400 2434 433 2495 T.
470 2436 657 2510 Thuanaeus,
679 2438 710 2497 in
731 2438 806 2497 Bibl.
821 2438 928 2514 Imper.
944 2437 1034 2498 Paris.
1049 2441 1138 2513 8071,
1158 2438 1209 2514 qui
1227 2437 1258 2495 in
1274 2434 1455 2512 Anthologia

305 2533 477 2593 Latinorum
498 2532 675 2595 carminum⁸
694 2536 783 2595 habet
803 2534 931 2595 c.an
949 2535 1063 2594 Catulli.
1105 2534 1135 2593 A
1147 2534 1307 2593 Duebnero
1328 2534 1456 2592 creditur

306 2630 424 2689 saeculo
439 2649 520 2690 nono
535 2644 660 2692 exeunte
674 2633 721 2691 uel
740 2635 859 2692 ineunte
876 2633 993 2692 decimo
1011 2633 1135 2709 scriptus
1155 2631 1253 2690 fuisse.
1293 2630 1347 2688 Est
1360 2648 1456 2688 mem-

305 2731 478 2801 branaceus,
492 2731 567 2790 binis
582 2732 726 2791 columnis
741 2747 778 2807 37
794 2751 942 2792 uersuum
984 2732 1075 2791 Hunc
1095 2732 1159 2807 ipse
1179 2731 1302 2806 inspexi,
1317 2730 1455 2805 inspexe-

306 2836 374 2885 runt
395 2828 483 2885 etiam
505 2846 572 2886 meo
594 2838 697 2905 rogatu
714 2828 748 2887 C.
760 2828 798 2887 D.
813 2828 959 2901 Cobham,
974 2828 1100 2888 Scolaris
1113 2827 1238 2904 Collegii
1251 2826 1455 2885 Vniuersitatis

306 2924 387 2999 apud
407 2923 603 2995 Oxonieuses,
625 2936 653 2984 et
675 2925 838 2986 Gulielmus
853 2926 890 2986 G.
903 2926 1077 2998 Markheim,
1093 2925 1218 2985 Scolaris
1235 2926 1367 2985 eiusdem
1384 2924 1455 2983 Col-

305 3020 382 3095 legii.
434 3020 513 3080 Huic
534 3034 688 3099 acceptum
709 3024 803 3082 resero
824 3025 974 3100 specimen
995 3024 1065 3096 solii,
1086 3024 1192 3083 Catulli
1214 3024 1350 3083 carminis
1375 3038 1453 3080 1-aa

307 3119 494 3209 continentis,
509 3120 591 3195 quod
605 3120 672 3179 huic
686 3122 767 3196 operi
781 3122 943 3197 praefixum
956 3132 1009 3181 est

350 3258 376 3299 a.
401 3238 438 3299 G.
461 3238 729 3316 Sangermanensis,
749 3241 823 3301 Bibl.
844 3242 952 3319 Imper.
967 3242 1055 3301 Paris
1074 3254 1182 3317 14137,
1197 3240 1455 3313 Membranaeeus,

339 3398 349 3430 ¹
365 3402 441 3450 Etiam
456 3404 480 3449 iu
492 3404 593 3450 editione
608 3403 720 3451 rarissima
732 3418 792 3465 quae
806 3418 885 3451 reuera
898 3403 1003 3451 omnium
1017 3404 1119 3465 princepe
1129 3402 1234 3451 habenda
1245 3412 1288 3458 eat,
1300 3418 1314 3450 a
1325 3417 1363 3451 me
1374 3410 1455 3450 anoem

305 3482 329 3531 In
345 3484 405 3531 notit
416 3489 423 3510 ⁸
435 3484 489 3533 edit.
500 3486 570 3533 Parit.
582 3484 645 3535 Sacc.
659 3485 703 3533 XV
709 3484 714 3503 '
726 3486 849 3540 uocitatur,
860 3484 1043 3547 Epithalamium
1057 3484 1154 3531 carmini
1169 3484 1234 3531 LXII
1248 3499 1291 3545 pro
1306 3484 1374 3531 titulo
1388 3498 1455 3543 prac-

305 3565 377 3612 fixum
389 3575 431 3613 est.

338 3642 349 3672 ¹
364 3646 448 3693 Titulle
464 3656 541 3693 carent
553 3648 583 3694 II.
594 3648 625 3694 X.
637 3647 716 3695 XIVb.
729 3647 793 3695 xvt.
806 3646 881 3695 XVII.
893 3646 979 3695 XXIV
990 3646 1100 3695 XXXIII.
1111 3646 1243 3694 XXXVIII.
1253 3646 1449 3695 XLI-XLVIII.

305 3728 368 3776 LIII.
387 3728 458 3776 LVII.
479 3729 562 3776 LVIII.
581 3730 631 3777 LX.
651 3730 733 3777 LXVI.
753 3729 848 3777 LXVII.
866 3730 939 3777 LXX.
958 3728 1041 3777 LXXI.
1061 3728 1302 3777 LXXIII-LXXIX.
1320 3727 1457 3775 LXXXI·-

306 3808 456 3858 LXXXVIII.
467 3810 617 3858 xc-xcn.
628 3810 824 3857 XCIV-XCIX.
835 3812 976 3859 CIl-CXV
977 3813 996 3859 1.

338 3888 349 3917 ¹
365 3891 473 3939 Carmina
486 3892 531 3939 hoc
542 3893 621 3939 ordine
632 3908 656 3939 ae
667 3892 790 3953 excipiunt.
820 3892 933 3939 quenalis
943 3892 1098 3954 Sat.111.317
1110 3901 1133 3940 et
1145 3908 1194 3954 aqq.
1206 3892 1247 3940 tv.
1258 3893 1287 3941 V.
1298 3892 1455 3940 XIII-XVI.

306 3971 441 4021 Iiexametri
452 3974 480 4019 de
492 3974 528 4020 die
540 3974 626 4029 Iudicii,
636 3974 705 4021 Persii
717 3974 763 4021 Sat.
774 3974 815 4020 111.
825 3971 915 4035 66-72,
927 3974 1039 4021 quenalis
1050 3974 1097 4021 Sat.
1106 3974 1214 4021 x-xn.
1222 3974 1286 4020 VIII.
1295 3973 1335 4020 IX.
1344 3972 1455 4029 vrtvt,

305 4054 461 4114 Epitaphium,
477 4055 592 4114 Opuscula
604 4054 629 4099 B.
641 4054 744 4116 Eugenii,
761 4054 866 4115 Episcopi
878 4054 996 4107 Toletani,
1012 4052 1126 4100 Martialis
1137 4054 1319 4117 Epigrammata,
1335 4052 1455 4113 Epithala-

305 4136 379 4181 mium
390 4136 482 4189 Catulli.
493 4136 640 4198 Peruigilium
648 4136 749 4191 Veneris,
760 4136 880 4182 Poematia
891 4138 962 4189 uaria,
973 4136 997 4181 in
1008 4136 1035 4182 iia
1045 4136 1157 4191 Pentadii,
1166 4135 1258 4190 Floridi,
1267 4134 1359 4182 Luxotii
1371 4134 1455 4189 multa.

231 4209 234 4223 '
304 4218 405 4267 Ennodii
417 4228 440 4266 et
453 4220 547 4265 Damasi
559 4220 678 4279 quaedam,
690 4220 803 4280 Excerpta
815 4234 844 4266 ex
855 4220 953 4267 Senem
964 4220 1108 4282 Tragoediie,
1118 4234 1196 4267 ueram
1206 4218 1331 4265 Eucheriae
1342 4218 1455 4279 poetriae,

305 4301 383 4349 Ouidii
404 4301 539 4355 HalieutIca,
559 4301 643 4347 Sidonii
664 4300 818 4363 Epigramma.
841 4302 914 4349 Gratii
937 4302 1095 4363 cynegeticon
1117 4312 1204 4363 1-159.
1225 4299 1342 4361 wentana
1365 4298 1456 4359 ailquot

305 4385 441 4434 Christiana.
475 4385 543 4433 Liber
554 4384 578 4431 in
589 4384 634 4433 line
645 4384 737 4433 mutilus
749 4394 791 4432 ert.
824 4384 886 4431 Olim
899 4384 944 4431 tuit
953 4383 1054 4431 Thuani.
