3142 5059
467 373 697 435 CARMINVM
722 374 914 437 csTvLLI.
1207 381 1265 441 267

282 560 301 615 8
342 554 478 633 Ereptum
492 559 596 617 metris
609 557 707 617 obterit
718 576 757 617 ex
770 558 864 617 oculs's.

237 672 257 712 a
302 652 347 712 Tu
360 673 421 714 meo
432 661 465 713 tu
476 658 595 716 ntorum
596 656 723 733 fregisti
731 658 877 729 commodo,
880 657 995 735 frater,

237 752 256 810 b
343 751 442 812 Taum
455 772 512 812 rora
525 760 582 812 tota
595 761 636 812 est
643 760 740 813 norim
752 756 857 831 sepulta
871 756 973 827 mm,

236 870 253 908 c
300 848 403 910 Omnia
415 856 499 910 terrm
512 854 842 929 unapm‘eruntgaudeb
855 862 951 914 nostra

235 948 259 1007 d
342 948 918 1020 Quattuwtsmtadutcoalebatamor.

233 1064 248 1103 e
294 1044 358 1105 Hei
367 1048 576 1125 meierosratri
585 1048 736 1108 rucundunr
748 1050 841 1108 lumen
853 1050 1016 1125 ademptum,

223 1142 258 1220 f
338 1143 495 1220 Nunquam
508 1163 556 1221 ego
570 1151 602 1216 te,
615 1147 717 1203 meiero
718 1145 825 1222 frater
838 1146 957 1222 adempte
969 1146 1047 1205 meli.

276 1262 295 1317 9
336 1240 487 1318 Alloquor,
500 1243 615 1302 audiero
627 1262 769 1320 nunquam
782 1249 833 1301 tua
941 1245 1096 1320 loquenten,

149 1432 214 1493 Sed
227 1450 297 1494 eum
310 1443 354 1493 ter
367 1434 410 1495 sie
422 1443 589 1512 repetantur
602 1444 661 1494 tres
679 1452 782 1495 uersus
797 1432 880 1514 (nam
893 1436 946 1495 bcd
960 1437 991 1495 in
1008 1435 1139 1496 LXVIII
1157 1436 1202 1497 bis
1221 1436 1262 1497 le·

84 1542 220 1611 guntur
244 1552 292 1603 aa,
315 1551 363 1607 23,
385 1551 422 1605 ²4
447 1550 547 1592 mrsus
571 1529 646 1611 (94),
670 1531 747 1611 (95),
771 1530 861 1612 (96)‚)
885 1534 972 1593 unius
999 1544 1098 1595 autem
1117 1532 1175 1615 (s)
1194 1536 1261 1597 finis

87 1644 223 1712 quater,
237 1633 294 1705 hic,
308 1633 449 1693 LXVIII.
466 1653 513 1705 so,
530 1635 605 1708 (92),
626 1632 689 1694 CX.
706 1636 735 1704 6,
749 1643 779 1692 et
797 1634 856 1693 hoc
877 1635 968 1693 modo
990 1633 1106 1711 longior
1124 1634 1262 1696 urseranu

89 1731 301 1809 parenthesIs‚
320 1732 489 1792 temeritatis
508 1730 732 1791 Lachmannum
752 1748 875 1807 arguere
895 1732 945 1791 uix
967 1750 1076 1791 uerear.
1119 1733 1159 1791 At
1180 1752 1259 1809 9-14

92 1840 160 1889 aut
183 1829 272 1905 spurii
292 1838 360 1890 sunt
374 1828 429 1909 (sle
450 1829 530 1889 enim
549 1829 637 1889 docet
656 1826 821 1906 Gruppius)
835 1838 886 1887 aut
907 1846 944 1887 ex
964 1845 1020 1887 suo
1041 1828 1109 1888 loco
1129 1829 1187 1889 buc
1207 1849 1261 1907 per

93 1945 240 1987 errorem
266 1926 369 1999 ueluti,
396 1944 473 2003 quae
499 1926 554 1987 fuit
579 1926 682 2004 opinio
709 1925 885 1986 Rossbachii
913 1926 960 1986 Fr.
983 1924 1088 1985 Heasii
1116 1926 1260 1987 Schwabii

92 2026 147 2085 Α.
162 2024 263 2085 Weisii
281 2025 404 2086 aneri
417 2024 589 2085 Bernhardii
601 2024 737 2085 Boehmii
750 2024 864 2085 Lehrsii
878 2024 1004 2095 FrankiI,
1024 2024 1150 2102 denique
1171 2027 1259 2085 etiam

97 2122 276 2182 Ribbeckii
317 2123 482 2182 Audiamus
500 2121 674 2199 Gruppium.
717 2119 854 2200 (1)Non
875 2120 975 2182 debuit
995 2121 1127 2182 Catullus
1146 2123 1177 2181 in
1198 2133 1259 2185 tam

95 2221 193 2281 breui
214 2222 343 2282 carmine
366 2231 428 2281 tam
451 2222 502 2281 diu
524 2222 555 2279 in
578 2231 673 2281 morte
698 2222 806 2280 morari
830 2222 941 2294 fratris3
971 2223 1041 2280 satis
1065 2222 1103 2281 de
1127 2240 1163 2281 ea
1187 2223 1259 2283 dixit

98 2335 159 2379 uu.
176 2321 244 2392 5-8.
286 2317 331 2398 (a)
351 2318 431 2379 Male
450 2328 519 2395 post
538 2336 706 2378 sermonem
726 2318 765 2378 ad
782 2318 917 2379 Ortalum
935 2318 1045 2377 iacmm
1064 2318 1153 2378 altera
1171 2320 1204 2378 fit
1220 2320 1259 2380 ad

100 2416 227 2475 fratrem
237 2417 404 2491 ἀποστροφή.
445 2414 491 2494 (3)
504 2416 567 2494 lpsi
579 2433 682 2476 nereus
696 2433 775 2493 9·14
792 2433 848 2475 nec
861 2416 932 2474 boni
947 2424 1014 2475 sunt
1028 2432 1082 2475 nec
1096 2416 1257 2476 admodum

101 2530 225 2573 suaues
267 2513 384 2586 Quibus
408 2513 573 2590 singillatim
597 2514 639 2573 sic
660 2514 829 2589 respondeo
851 2510 897 2593 (1)
919 2512 951 2571 Si
971 2522 1084 2589 praeter
1106 2516 1164 2588 5-8
1186 2514 1257 2575 nihil

102 2611 182 2670 dixit
201 2609 333 2671 Catullus
353 2610 390 2670 de
410 2611 506 2682 fratre,
526 2610 710 2670 iesdnautius
729 2611 841 2670 transit
865 2609 903 2670 ad
923 2611 1015 2670 uerba
1034 2609 1094 2669 Sed
1113 2617 1203 2669 tantm
1227 2614 1258 2671 in

103 2709 196 2768 onst
211 2708 393 2767 mortius.
434 2706 492 2766 Vix
511 2708 590 2767 enim
609 2708 679 2768 satis
697 2717 765 2784 apte
782 2708 857 2767 tanti
874 2726 1023 2768 maerores
1041 2718 1165 2785 quatuor
1185 2725 1258 2767 con·

103 2804 263 2865 cludmrtur
272 2806 413 2876 uersibus,
427 2805 531 2865 melius
543 2814 646 2865 eontra
658 2804 779 2865 decem:
798 2802 843 2883 (a)
857 2804 949 2878 Quod
963 2806 1001 2865 ad
1015 2805 1149 2867 Ortalum
1163 2806 1257 2884 loqui-

104 2914 165 2974 tur,
186 2902 255 2963 dein
277 2903 405 2975 irenem,
426 2904 505 2962 idem
529 2902 599 2963 fecit
621 2904 653 2962 in
676 2920 702 2963 c.
716 2902 803 2975 VIII,
826 2904 909 2963 cuius
933 2904 963 2962 in
989 2907 1045 2963 1-8
1068 2903 1199 2965 Catullus
1224 2922 1257 2964 se

105 3002 215 3077 ipsun,
234 3012 340 3077 postea
357 3001 388 3058 in
405 3003 502 3059 12-18
522 3000 668 3072 Lesbiam,
688 3000 719 3059 in
739 3018 775 3076 19
798 3018 830 3061 se
850 3001 948 3078 ipsum
968 3002 1072 3061 iterum
1093 3002 1256 3079 conpellat;

106 3096 155 3181 (3)
177 3099 288 3160 Versus
312 3117 374 3160 non
397 3110 458 3160 mm
482 3119 501 3159 a
522 3100 691 3160 Catullianis
714 3100 822 3160 dIstant
845 3110 877 3161 ut
904 3102 977 3161 alius
1000 3103 1061 3161 iure
1085 3102 1255 3163 habeantur.

106 3196 197 3257 Mitto
211 3217 240 3272 9,
253 3196 404 3272 Alloquor,
422 3197 538 3255 audem
556 3214 699 3273 nunquam
717 3202 768 3255 teto
877 3197 1034 3273 loquentem,
1049 3197 1099 3273 qui
1119 3216 1138 3256 a
1157 3198 1257 3257 multis

106 3292 260 3355 codicibus
270 3294 365 3366 abest3
380 3311 508 3371 sequens
517 3294 709 3370 comparatio,
716 3294 770 3353 etsi
781 3292 898 3369 longius
909 3294 1006 3369 petita,
1016 3294 1116 3353 similis
1125 3306 1170 3353 est
1181 3294 1256 3355 illius

106 3408 183 3468 quae
197 3390 228 3449 in
241 3390 300 3451 fine
314 3409 340 3451 c.
354 3390 386 3449 11
399 3400 457 3450 stat
472 3388 544 3450 Yam
558 3397 678 3467 gratum
689 3396 732 3448 at
746 3390 820 3449 mr'hi
832 3406 915 3466 quam
922 3390 1032 3467 ferunt
1042 3389 1151 3465 puellae
1168 3396 1255 3463 est„

106 3508 164 3550 nec
177 3507 291 3550 amore
304 3489 400 3549 aliena
411 3489 678 3566 AlexandrInorum
691 3506 727 3547 ae
740 3487 854 3548 Catulli
897 3488 962 3549 Nec
976 3506 1049 3548 uero
1062 3489 1101 3547 ab
1114 3488 1172 3548 allo
1186 3488 1254 3549 loco

107 3590 139 3648 in
152 3586 236 3647 va
248 3586 347 3648 iudico
360 3586 488 3647 tralatos.
530 3586 576 3647 Fr.
591 3586 721 3647 Haasius
738 3595 808 3662 post
826 3585 877 3645 CI.
893 3589 921 3659 6,
940 3596 1009 3663 post
1022 3584 1074 3646 CI.
1090 3605 1108 3658 4
1121 3587 1159 3645 Α.
1173 3585 1253 3645 Wei-

106 3686 168 3747 sius
180 3684 321 3745 collocat:
343 3684 490 3744 Bumerus
509 3702 564 3762 pro
582 3684 748 3761 fragmento
768 3702 822 3744 eos
842 3684 931 3744 habet
952 3684 1089 3745 canninis
1102 3683 1140 3744 de
1154 3682 1253 3745 Morte

107 3781 212 3843 Fratris
224 3783 308 3843 euius
321 3791 419 3843 cetera
432 3783 576 3859 perierint.
616 3782 762 3860 Equidem
778 3782 872 3843 nolim
888 3782 967 3843 aliud
982 3800 1100 3843 carmen
1117 3792 1220 3861 putare
1236 3800 1255 3843 a

107 3880 220 3941 Camllo
241 3881 383 3959 scriptum
403 3881 441 3941 de
460 3898 497 3940 ea
516 3899 549 3940 re
569 3898 659 3957 quam
679 3899 771 3941 unam
789 3881 821 3940 in
839 3879 881 3941 CI
899 3881 1043 3953 tractauit,
1057 3880 1171 3941 induxit
1184 3898 1253 3941 cum

107 3977 208 4038 oetetis
227 3977 258 4036 in
277 3997 304 4038 e
318 3976 460 4037 LXVIII.
503 3978 562 4039 Sed
581 3996 637 4038 nec
653 3978 685 4037 in
704 3977 747 4038 Cl
760 3978 914 4056 quadrant
956 3977 1036 4037 Nam
1048 3988 1252 4056 praeterquam

107 4076 186 4153 quod
206 4076 296 4137 tutius
319 4075 452 4135 duruim
475 4085 521 4137 tot
542 4092 646 4135 uersus
666 4093 685 4135 a
705 4076 774 4135 loco
798 4093 860 4135 non
882 4092 1003 4135 mouere
1027 4076 1098 4136 satis
1117 4086 1188 4152 apto
1212 4074 1251 4134 ad

107 4172 192 4232 alium
215 4182 266 4232 aut
289 4173 387 4232 minus
408 4181 458 4232 aut
481 4190 544 4231 non
567 4173 662 4250 magis
683 4173 919 4243 conuenientem,
939 4172 981 4231 CI
1002 4189 1054 4248 per
1076 4190 1108 4231 se
1129 4171 1250 4247 plenum

107 4282 189 4347 atque
203 4269 370 4329 absolutum
384 4279 438 4329 est.
479 4269 571 4342 Quod
589 4288 667 4343 cum,
680 4280 714 4329 ut
731 4270 792 4330 iam
810 4270 950 4329 Intellexit
965 4268 1122 4345 Gruppius,
1137 4267 1250 4326 tumulo

108 4370 226 4447 insculpi
249 4370 383 4447 potuerit,
404 4370 528 4447 simplex
553 4380 583 4430 et
606 4382 650 4432 est
674 4381 704 4430 et
728 4371 816 4431 debet
839 4388 913 4430 esse.
965 4368 1071 4427 Nullus
1094 4366 1142 4425 hic
1166 4365 1250 4427 locus

621 4507 731 4555 Mm2
