3142 5059
474 417 478 426 ¹
553 339 775 404 cannen
807 341 894 407 exn

403 529 528 593 Scimus
550 529 631 593 haec
652 529 714 592 tibi
738 549 820 612 quae
842 530 946 594 licent

448 643 522 708 Sola
543 645 687 728 cognita,
709 644 765 708 sed
788 645 909 708 marito

446 757 514 820 Ista
536 775 603 820 non
626 757 741 820 eadem
763 757 878 820 licent.

404 867 441 932 Io
463 867 597 952 Hymen
620 867 814 953 Hymenaee
837 868 883 952 io,

446 980 482 1045 Io
505 981 638 1067 Hymen
659 980 861 1068 Hymenaee.

315 1211 337 1266 y
402 1183 528 1268 Nupta,
551 1192 587 1247 tu
609 1203 733 1268 quoque
754 1203 837 1267 quae
859 1190 933 1246 tuus

446 1291 505 1359 Vir
528 1303 617 1378 petet
640 1314 718 1358 caue
741 1315 783 1357 ne
806 1314 919 1379 neges,

448 1405 498 1469 Ni
520 1406 661 1491 petitum
683 1407 813 1470 aliunde
838 1414 901 1469 eat.

404 1516 441 1581 Io
461 1517 596 1602 Hymen
618 1517 812 1603 Hymenaee
835 1519 880 1602 iu,

446 1629 484 1694 Io
506 1629 639 1716 Hymen
661 1628 864 1714 Hymenaee.

404 1783 454 1848 En
476 1785 539 1848 tibi
562 1783 674 1848 domus
697 1792 732 1846 ut
755 1792 874 1866 potens

446 1895 488 1959 Et
510 1896 607 1958 beata
628 1895 692 1960 uiri
714 1896 776 1959 tui.

445 2007 538 2093 Qae
560 2008 622 2071 tibi
645 2007 717 2070 sine
740 2007 863 2070 seruiat

399 2119 449 2206 (Io
470 2120 604 2206 Hymen
625 2119 819 2207 Hymenaee
841 2121 886 2204 io,

446 2233 482 2298 Io
504 2233 638 2320 Hymen
659 2233 865 2318 Hymenaee)

402 2385 508 2470 Vsque
530 2385 606 2448 dum
628 2386 802 2449 tremulum
823 2404 958 2449 mouens

179 2659 337 2872 146{139.
373 2661 497 2716 SimusO
568 2662 652 2716 hoch
722 2662 849 2716 licereth
919 2677 975 2730 qua
985 2661 1100 2732 Scaliger
1113 2663 1181 2715 Voss.

178 2737 229 2798 148

180 2820 231 2869 150
263 2820 337 2868 143.
373 2804 458 2857 om.0
538 2805 563 2854 in
576 2807 634 2856 add.
649 2807 716 2856 codd.
728 2815 835 2874 praeter
845 2806 873 2857 h.

180 2878 304 2940 151-160
317 2873 471 2945 (144-153)
490 2893 539 2928 om.
551 2895 578 2928 a.

179 2962 227 3010 151
262 2963 337 3010 144.
371 2947 627 2999 tuusfldxrasura
697 2946 751 2999 tuis
764 2946 827 2999 DG.

179 3032 229 3080 152
263 3033 337 3080 145.
372 3017 486 3084 paterC
554 3017 700 3084 patethH
710 3037 727 3069 a
740 3037 774 3070 m.
781 3029 827 3086 pr.
898 3031 987 3083 aeque
999 3030 1055 3068 non
1064 3027 1115 3085 pro
1127 3031 1195 3068 caue
1207 3014 1295 3072 neh²s

179 3103 228 3151 153
262 3089 335 3150 146.
371 3085 415 3139 Ne
428 3086 842 3157 BCHLLa¹La²VPhiliippensis
908 3086 945 3139 Ni
959 3085 1294 3140 ADGOahh²Parthenius

135 3159 304 3211 Passeratius
317 3158 446 3211 Guarinus
459 3161 639 3212 Lachmannus
651 3157 827 3225 Rossbachius,
840 3157 874 3225 cf.
887 3159 963 3226 Prop.
977 3159 1013 3210 ῙῙ.
1027 3172 1052 3224 7,
1067 3174 1080 3223 3
1099 3167 1124 3209 et
1139 3159 1247 3210 Lachm.
1258 3158 1297 3210 ad

136 3231 243 3282 Lucret.
255 3229 292 3280 ΙΙ.
306 3244 320 3292 7
325 3246 358 3294 34
371 3230 534 3282 Ritschelium
549 3232 576 3282 in
588 3231 658 3283 Mus.
670 3231 750 3282 Rhea.
767 3234 833 3294 1853
844 3241 890 3298 pp.
903 3233 1036 3294 479-487.
1073 3230 1146 3281 Locis
1158 3228 1193 3283 ihi
1204 3227 1295 3281 allatis

135 3301 206 3354 adde
218 3300 306 3353 Gratii
319 3300 407 3368 aneg.
421 3306 465 3365 83.
500 3299 555 3353 ‘Ni
573 3317 624 3369 pro
642 3316 677 3354 ne
696 3301 810 3369 antiquo
827 3300 917 3352 more’
930 3299 1079 3351 Bernardus
1091 3301 1202 3352 Pisanus
1215 3300 1243 3352 in
1254 3299 1295 3354 ed.

137 3373 263 3425 Victum
285 3375 329 3424 81.

136 3511 157 3566 h
178 3457 238 3506 154,
252 3389 357 3564 :iim
372 3438 403 3510 8)
423 3443 459 3494 sic
477 3441 594 3511 leguntur
609 3442 637 3494 in
653 3441 682 3493 H
699 3441 731 3495 10
748 3440 850 3511 hymen
868 3439 1003 3510 hymenee
1021 3438 1123 3509 hymen
1142 3439 1175 3493 10
1192 3439 1296 3509 hymen

207 3528 259 3564 ene
355 3528 399 3565 en.

158 3529 228 3648 ΥΕ
260 3528 309 3648 ξ47
328 3621 336 3638 .
370 3581 445 3636 habes
458 3583 482 3636 G
493 3585 633 3652 ascriptum
644 3584 671 3636 in
683 3585 809 3653 margine,
813 3581 932 3648 fhrtasse
941 3581 997 3634 alia
1009 3599 1097 3635 manu.

179 3671 228 3718 155
262 3659 336 3718 148.
372 3655 458 3707 om.O
534 3655 713 3705 luminanda,

178 3728 301 3789 156-160
314 3723 469 3794 (149-153)
487 3744 536 3777 om.
549 3722 691 3778 BLath².

178 3799 228 3860 156
242 3794 335 3866 (149).
370 3803 399 3849 et
412 3796 541 3849 Guarinus
555 3806 580 3847 et
591 3794 740 3849 Bernardus
752 3795 862 3847 Pisanus
874 3795 901 3846 in
911 3793 949 3847 ed.
961 3795 1090 3847 Vicentina
1105 3798 1170 3859 1481
1243 3810 1293 3864 pa-

136 3872 200 3920 tens
214 3867 343 3920 Guarinus
355 3869 381 3920 in
393 3885 483 3920 comm.
495 3868 612 3919 Heinsius
707 3865 750 3918 En
762 3866 813 3918 tibi
825 3863 989 3918 domus-ut
1000 3871 1098 3934 potens
1110 3864 1148 3918 Et
1160 3864 1241 3919 beata
1248 3869 1293 3920 2-

135 3937 190 3990 uiri
202 3937 243 3990 tui
255 3937 405 3991 Pleitnmu.
1105 3976 1108 3985 ι

177 4013 227 4073 158
241 4005 333 4078 (151).
368 4011 425 4060 sine
439 4010 520 4060 seruit
537 4005 772 4062 CDGHLLa²Ocd
835 4006 893 4059 siue
904 4005 1020 4060 seruith
1083 4005 1293 4061 sineseruitA

262 2749 309 2797 141
329 2771 336 2786 .
371 2735 434 2785 Post
444 2734 509 2787 hunc
521 2751 547 2788 u.
561 2733 594 2787 Io
606 2733 708 2804 hymen
720 2732 856 2802 hymenee
869 2736 970 2803 hymen
982 2733 1042 2786 add.
1055 2735 1090 2786 H.

16 4093 20 4104 ·
135 4078 197 4132 sine
210 4079 263 4131 fine
276 4080 361 4132 seruit
373 4079 402 4131 D
571 4079 629 4132 sine
641 4079 742 4132 seruiat
754 4079 832 4131 Bern.
844 4080 954 4131 Pisana
965 4080 992 4131 in
1004 4078 1042 4131 ed.
1056 4078 1149 4130 Vicens.
1161 4081 1291 4131 Pantanus

136 4151 263 4203 Parthen.
279 4153 346 4215 1486
363 4152 495 4203 Passerat.
508 4150 595 4202 Hand.
607 4150 689 4219 Sillig.
702 4151 774 4218 Heys.
786 4149 907 4202 Pleitner.
920 4148 1040 4202 Schwab.
1056 4149 1091 4214 cf.
1103 4147 1190 4200 Plan.
1204 4149 1291 4203 Casia.

138 4222 183 4274 IV.
197 4238 248 4286 4.3
268 4227 299 4274 ut
317 4221 408 4288 potior
426 4221 461 4272 sis
479 4219 609 4288 pollentia
626 4221 780 4297 uictrixque
798 4221 835 4272 sis
852 4221 1022 4288 Superetque
1040 4225 1118 4272 tuum
1136 4218 1289 4286 imperium.

136 4291 197 4345 seni
208 4291 260 4345 tibi
271 4292 374 4346 seruiet
386 4293 482 4344 Statius
624 4291 682 4344 sine
698 4291 752 4344 fine
766 4291 819 4344 erit
833 4292 960 4344 Auantius
973 4291 1081 4342 Lachm.
1093 4290 1189 4359 Ηαῳέ.
1201 4289 1290 4345 Rossb.

137 4362 193 4416 fine
205 4378 276 4431 qnae
288 4363 346 4416 sine
358 4363 459 4416 seruiat
475 4363 550 4431 Bapt.
564 4363 693 4416 Guarinus
707 4363 877 4432 casaubonus.

177 4437 227 4485 160
240 4431 332 4504 (153).
369 4434 454 4487 om.O
537 4436 561 4486 io
574 4435 633 4487 inid.
648 4437 715 4488 redd.

686 4547 745 4597 Μ
