<?xml version="1.0" encoding="UTF-8"?>
<!DOCTYPE html PUBLIC "-//W3C//DTD XHTML 1.0 Transitional//EN"
    "http://www.w3.org/TR/xhtml1/DTD/xhtml1-transitional.dtd">
<html xmlns="http://www.w3.org/1999/xhtml" xml:lang="en" lang="en">
 <head>
  <title>
</title>
<meta http-equiv="Content-Type" content="text/html;charset=utf-8" />
  <meta name='ocr-system' content='tesseract 3.04.00' />
  <meta name='ocr-capabilities' content='ocr_page ocr_carea ocr_par ocr_line ocrx_word'/>
</head>
<body>
  <div class='ocr_page' id='page_1' title='image "./catulliveronens01elligoog_0038.png"; bbox 0 0 3142 5059; ppageno 0'>
   <div class='ocr_carea' id='block_1_1' title="bbox 288 382 1036 448">
    <p class='ocr_par' dir='ltr' id='par_1_1' title="bbox 288 382 1036 448">
     <span class='ocr_line' id='line_1_1' title="bbox 288 382 1036 448; baseline -0.003 -3"><span class='ocrx_word' id='word_1_1' title='bbox 288 388 347 446; x_wconf 86' lang='lat' dir='ltr'>xxii</span> <span class='ocrx_word' id='word_1_2' title='bbox 679 382 1036 448; x_wconf 80' lang='lat' dir='ltr'><strong>PROLEGOMENA.</strong></span> 
     </span>
    </p>
   </div>
   <div class='ocr_carea' id='block_1_2' title="bbox 290 562 1477 3979">
    <p class='ocr_par' dir='ltr' id='par_1_2' title="bbox 290 562 1477 3682">
     <span class='ocr_line' id='line_1_2' title="bbox 290 562 1434 645; baseline -0.005 -16"><span class='ocrx_word' id='word_1_3' title='bbox 290 570 399 630; x_wconf 85' lang='lat' dir='ltr'>docent</span> <span class='ocrx_word' id='word_1_4' title='bbox 418 571 556 642; x_wconf 70' lang='lat' dir='ltr'>nunteri3¹</span> <span class='ocrx_word' id='word_1_5' title='bbox 569 570 621 630; x_wconf 85' lang='lat' dir='ltr'>sed</span> <span class='ocrx_word' id='word_1_6' title='bbox 639 569 744 631; x_wconf 86' lang='lat' dir='ltr'>horum</span> <span class='ocrx_word' id='word_1_7' title='bbox 763 588 855 630; x_wconf 91' lang='lat' dir='ltr'>unum</span> <span class='ocrx_word' id='word_1_8' title='bbox 871 588 937 629; x_wconf 88' lang='lat' dir='ltr'>esse</span> <span class='ocrx_word' id='word_1_9' title='bbox 951 587 1019 629; x_wconf 91' lang='lat' dir='ltr'>eum</span> <span class='ocrx_word' id='word_1_10' title='bbox 1032 569 1081 645; x_wconf 91' lang='lat' dir='ltr'>qui</span> <span class='ocrx_word' id='word_1_11' title='bbox 1102 568 1133 626; x_wconf 92' lang='lat' dir='ltr'>in</span> <span class='ocrx_word' id='word_1_12' title='bbox 1151 566 1301 625; x_wconf 81' lang='lat' dir='ltr'>codicibus</span> <span class='ocrx_word' id='word_1_13' title='bbox 1320 580 1349 624; x_wconf 89' lang='lat' dir='ltr'>u.</span> <span class='ocrx_word' id='word_1_14' title='bbox 1364 562 1434 642; x_wconf 82' lang='lat'>(79)</span> 
     </span>
     <span class='ocr_line' id='line_1_3' title="bbox 291 665 1434 748; baseline -0.009 -17"><span class='ocrx_word' id='word_1_15' title='bbox 291 671 427 748; x_wconf 84' lang='lat' dir='ltr'>sequitur,</span> <span class='ocrx_word' id='word_1_16' title='bbox 444 667 528 741; x_wconf 81' lang='lat' dir='ltr'>Quem</span> <span class='ocrx_word' id='word_1_17' title='bbox 542 676 630 729; x_wconf 84' lang='lat' dir='ltr'>lamen</span> <span class='ocrx_word' id='word_1_18' title='bbox 643 674 734 747; x_wconf 75' lang='lat' dir='ltr'>magri</span> <span class='ocrx_word' id='word_1_19' title='bbox 747 672 869 741; x_wconf 65' lang='lat' dir='ltr'>audens,</span> <span class='ocrx_word' id='word_1_20' title='bbox 884 689 939 729; x_wconf 86' lang='lat' dir='ltr'>nec</span> <span class='ocrx_word' id='word_1_21' title='bbox 953 688 1006 746; x_wconf 87' lang='lat' dir='ltr'>per</span> <span class='ocrx_word' id='word_1_22' title='bbox 1019 687 1051 728; x_wconf 88' lang='lat' dir='ltr'>se</span> <span class='ocrx_word' id='word_1_23' title='bbox 1064 668 1218 728; x_wconf 87' lang='lat' dir='ltr'>uerisimile</span> <span class='ocrx_word' id='word_1_24' title='bbox 1231 677 1284 736; x_wconf 87' lang='lat' dir='ltr'>est,</span> <span class='ocrx_word' id='word_1_25' title='bbox 1300 665 1434 745; x_wconf 89' lang='lat' dir='ltr'>(stropha</span> 
     </span>
     <span class='ocr_line' id='line_1_4' title="bbox 291 763 1434 846; baseline -0.008 -17"><span class='ocrx_word' id='word_1_26' title='bbox 291 770 370 829; x_wconf 90' lang='lat' dir='ltr'>enirn</span> <span class='ocrx_word' id='word_1_27' title='bbox 391 769 493 828; x_wconf 89' lang='lat' dir='ltr'>melius</span> <span class='ocrx_word' id='word_1_28' title='bbox 515 787 533 827; x_wconf 89' lang='lat' dir='ltr'>a</span> <span class='ocrx_word' id='word_1_29' title='bbox 552 770 688 828; x_wconf 89' lang='lat' dir='ltr'>uocatiuo</span> <span class='ocrx_word' id='word_1_30' title='bbox 710 770 811 846; x_wconf 85' lang='lat' dir='ltr'>incipit</span> <span class='ocrx_word' id='word_1_31' title='bbox 834 766 976 844; x_wconf 73' lang='lat' dir='ltr'>Ocudrle)</span> <span class='ocrx_word' id='word_1_32' title='bbox 997 785 1053 827; x_wconf 92' lang='lat' dir='ltr'>nec</span> <span class='ocrx_word' id='word_1_33' title='bbox 1073 765 1315 826; x_wconf 89' lang='lat' dir='ltr'>Lachmanniano</span> <span class='ocrx_word' id='word_1_34' title='bbox 1337 763 1434 823; x_wconf 89' lang='lat' dir='ltr'>ordini</span> 
     </span>
     <span class='ocr_line' id='line_1_5' title="bbox 292 860 1434 943; baseline -0.008 -18"><span class='ocrx_word' id='word_1_35' title='bbox 292 867 464 943; x_wconf 86' lang='lat' dir='ltr'>paginarum</span> <span class='ocrx_word' id='word_1_36' title='bbox 485 866 631 927; x_wconf 89' lang='lat' dir='ltr'>conuenit.</span> <span class='ocrx_word' id='word_1_37' title='bbox 674 866 721 925; x_wconf 90' lang='lat' dir='ltr'>Sic</span> <span class='ocrx_word' id='word_1_38' title='bbox 742 866 874 925; x_wconf 89' lang='lat' dir='ltr'>enimin</span> <span class='ocrx_word' id='word_1_39' title='bbox 894 884 953 925; x_wconf 88' lang='lat' dir='ltr'>una</span> <span class='ocrx_word' id='word_1_40' title='bbox 972 866 1079 943; x_wconf 84' lang='lat' dir='ltr'>pagina</span> <span class='ocrx_word' id='word_1_41' title='bbox 1097 883 1198 923; x_wconf 90' lang='lat' dir='ltr'>uersus</span> <span class='ocrx_word' id='word_1_42' title='bbox 1219 872 1287 923; x_wconf 90' lang='lat' dir='ltr'>sunt</span> <span class='ocrx_word' id='word_1_43' title='bbox 1307 880 1353 936; x_wconf 84' lang='lat'>31·</span> <span class='ocrx_word' id='word_1_44' title='bbox 1395 860 1434 917; x_wconf 91' lang='lat' dir='ltr'>In</span> 
     </span>
     <span class='ocr_line' id='line_1_6' title="bbox 291 957 1435 1041; baseline -0.006 -18"><span class='ocrx_word' id='word_1_45' title='bbox 291 982 317 1023; x_wconf 87' lang='lat' dir='ltr'>c.</span> <span class='ocrx_word' id='word_1_46' title='bbox 332 964 416 1021; x_wconf 92' lang='lat' dir='ltr'>LXV</span> <span class='ocrx_word' id='word_1_47' title='bbox 435 964 641 1023; x_wconf 89' lang='lat' dir='ltr'>Lachmannus</span> <span class='ocrx_word' id='word_1_48' title='bbox 663 975 730 1041; x_wconf 89' lang='lat' dir='ltr'>post</span> <span class='ocrx_word' id='word_1_49' title='bbox 749 984 777 1023; x_wconf 94' lang='lat' dir='ltr'>u.</span> <span class='ocrx_word' id='word_1_50' title='bbox 794 968 822 1034; x_wconf 99' lang='grc'>6,</span> <span class='ocrx_word' id='word_1_51' title='bbox 836 965 886 1023; x_wconf 94' lang='lat' dir='ltr'>ubi</span> <span class='ocrx_word' id='word_1_52' title='bbox 906 965 1031 1041; x_wconf 90' lang='lat' dir='ltr'>spatium</span> <span class='ocrx_word' id='word_1_53' title='bbox 1049 964 1135 1022; x_wconf 89' lang='lat' dir='ltr'>unius</span> <span class='ocrx_word' id='word_1_54' title='bbox 1153 959 1269 1021; x_wconf 88' lang='lat' dir='ltr'>uersus¹</span> <span class='ocrx_word' id='word_1_55' title='bbox 1286 962 1317 1019; x_wconf 89' lang='lat' dir='ltr'>in</span> <span class='ocrx_word' id='word_1_56' title='bbox 1334 957 1435 1018; x_wconf 87' lang='lat' dir='ltr'>multis</span> 
     </span>
     <span class='ocr_line' id='line_1_7' title="bbox 292 1057 1435 1136; baseline -0.004 -13"><span class='ocrx_word' id='word_1_57' title='bbox 292 1063 442 1123; x_wconf 88' lang='lat' dir='ltr'>codicibus</span> <span class='ocrx_word' id='word_1_58' title='bbox 466 1064 597 1123; x_wconf 85' lang='lat' dir='ltr'>relictum</span> <span class='ocrx_word' id='word_1_59' title='bbox 621 1074 673 1134; x_wconf 90' lang='lat' dir='ltr'>est,</span> <span class='ocrx_word' id='word_1_60' title='bbox 699 1082 750 1123; x_wconf 82' lang='lat' dir='ltr'>sex</span> <span class='ocrx_word' id='word_1_61' title='bbox 774 1082 877 1123; x_wconf 88' lang='lat' dir='ltr'>uersus</span> <span class='ocrx_word' id='word_1_62' title='bbox 900 1064 1009 1134; x_wconf 91' lang='lat' dir='ltr'>inserit,</span> <span class='ocrx_word' id='word_1_63' title='bbox 1032 1062 1173 1123; x_wconf 88' lang='lat' dir='ltr'><strong>LXVIII.</strong></span> <span class='ocrx_word' id='word_1_64' title='bbox 1196 1080 1282 1132; x_wconf 77' lang='lat'>21-4,</span> <span class='ocrx_word' id='word_1_65' title='bbox 1305 1057 1380 1136; x_wconf 80' lang='grc'>(93),</span> <span class='ocrx_word' id='word_1_66' title='bbox 1403 1068 1435 1115; x_wconf 83' lang='lat' dir='ltr'>et</span> 
     </span>
     <span class='ocr_line' id='line_1_8' title="bbox 293 1156 1435 1241; baseline -0.006 -21"><span class='ocrx_word' id='word_1_67' title='bbox 293 1160 357 1241; x_wconf 86' lang='lat'><strong>(92)</strong></span> <span class='ocrx_word' id='word_1_68' title='bbox 380 1160 433 1220; x_wconf 88' lang='lat' dir='ltr'>sed</span> <span class='ocrx_word' id='word_1_69' title='bbox 456 1162 572 1221; x_wconf 87' lang='lat' dir='ltr'>mutatis</span> <span class='ocrx_word' id='word_1_70' title='bbox 597 1163 693 1222; x_wconf 89' lang='lat' dir='ltr'>uerbis</span> <span class='ocrx_word' id='word_1_71' title='bbox 713 1162 839 1221; x_wconf 77' lang='lat' dir='ltr'>Abstulit</span> <span class='ocrx_word' id='word_1_72' title='bbox 860 1162 909 1219; x_wconf 84' lang='lat' dir='ltr'>lm&#39;</span> <span class='ocrx_word' id='word_1_73' title='bbox 927 1162 958 1219; x_wconf 92' lang='lat' dir='ltr'>in</span> <span class='ocrx_word' id='word_1_74' title='bbox 978 1160 1132 1236; x_wconf 82' lang='lat' dir='ltr'><em>Nunquam</em></span> <span class='ocrx_word' id='word_1_75' title='bbox 1154 1178 1201 1236; x_wconf 83' lang='lat' dir='ltr'>ego</span> <span class='ocrx_word' id='word_1_76' title='bbox 1221 1166 1253 1216; x_wconf 83' lang='lat' dir='ltr'>te.</span> <span class='ocrx_word' id='word_1_77' title='bbox 1294 1157 1386 1229; x_wconf 91' lang='lat' dir='ltr'>Quod</span> <span class='ocrx_word' id='word_1_78' title='bbox 1408 1156 1435 1213; x_wconf 90' lang='lat' dir='ltr'>si</span> 
     </span>
     <span class='ocr_line' id='line_1_9' title="bbox 292 1255 1434 1336; baseline -0.005 -18"><span class='ocrx_word' id='word_1_79' title='bbox 292 1276 394 1318; x_wconf 89' lang='lat' dir='ltr'>uerum</span> <span class='ocrx_word' id='word_1_80' title='bbox 415 1270 468 1330; x_wconf 89' lang='lat' dir='ltr'>est,</span> <span class='ocrx_word' id='word_1_81' title='bbox 489 1269 626 1336; x_wconf 90' lang='lat' dir='ltr'>quattuor</span> <span class='ocrx_word' id='word_1_82' title='bbox 648 1278 750 1319; x_wconf 90' lang='lat' dir='ltr'>uersus</span> <span class='ocrx_word' id='word_1_83' title='bbox 776 1259 906 1320; x_wconf 84' lang='lat' dir='ltr'>Catullus</span> <span class='ocrx_word' id='word_1_84' title='bbox 930 1271 973 1318; x_wconf 92' lang='lat' dir='ltr'>ter</span> <span class='ocrx_word' id='word_1_85' title='bbox 997 1260 1118 1335; x_wconf 88' lang='lat' dir='ltr'>repetiit,</span> <span class='ocrx_word' id='word_1_86' title='bbox 1139 1276 1209 1316; x_wconf 90' lang='lat' dir='ltr'>narn</span> <span class='ocrx_word' id='word_1_87' title='bbox 1228 1255 1369 1315; x_wconf 91' lang='lat' dir='ltr'><strong>LXVIII.</strong></span> <span class='ocrx_word' id='word_1_88' title='bbox 1386 1273 1434 1323; x_wconf 86' lang='lat'>20,</span> 
     </span>
     <span class='ocr_line' id='line_1_10' title="bbox 294 1352 1437 1434; baseline -0.003 -20"><span class='ocrx_word' id='word_1_89' title='bbox 294 1375 341 1427; x_wconf 82' lang='lat' dir='ltr'>aa,</span> <span class='ocrx_word' id='word_1_90' title='bbox 359 1376 406 1431; x_wconf 82' lang='lat'>23,</span> <span class='ocrx_word' id='word_1_91' title='bbox 422 1376 459 1428; x_wconf 82' lang='lat'>24</span> <span class='ocrx_word' id='word_1_92' title='bbox 479 1358 616 1415; x_wconf 81' lang='lat' dir='ltr'>iterantur</span> <span class='ocrx_word' id='word_1_93' title='bbox 630 1359 717 1417; x_wconf 87' lang='lat' dir='ltr'>etlam</span> <span class='ocrx_word' id='word_1_94' title='bbox 733 1359 764 1415; x_wconf 91' lang='lat' dir='ltr'>in</span> <span class='ocrx_word' id='word_1_95' title='bbox 781 1358 885 1417; x_wconf 88' lang='lat' dir='ltr'>eodem</span> <span class='ocrx_word' id='word_1_96' title='bbox 899 1357 1028 1415; x_wconf 85' lang='lat' dir='ltr'>carmine</span> <span class='ocrx_word' id='word_1_97' title='bbox 1043 1353 1117 1434; x_wconf 84' lang='lat'>(92),</span> <span class='ocrx_word' id='word_1_98' title='bbox 1132 1352 1247 1434; x_wconf 75' lang='grc'>(94-6),</span> <span class='ocrx_word' id='word_1_99' title='bbox 1261 1365 1293 1413; x_wconf 93' lang='lat' dir='ltr'>ut</span> <span class='ocrx_word' id='word_1_100' title='bbox 1305 1356 1383 1412; x_wconf 88' lang='lat' dir='ltr'>bene</span> <span class='ocrx_word' id='word_1_101' title='bbox 1396 1352 1437 1411; x_wconf 87' lang='lat' dir='ltr'>de</span> 
     </span>
     <span class='ocr_line' id='line_1_11' title="bbox 292 1454 1436 1533; baseline -0.004 -20"><span class='ocrx_word' id='word_1_102' title='bbox 292 1472 329 1513; x_wconf 90' lang='lat' dir='ltr'>eo</span> <span class='ocrx_word' id='word_1_103' title='bbox 350 1455 414 1531; x_wconf 91' lang='lat' dir='ltr'>ipse</span> <span class='ocrx_word' id='word_1_104' title='bbox 435 1454 538 1514; x_wconf 84' lang='lat' dir='ltr'>dixerit</span> <span class='ocrx_word' id='word_1_105' title='bbox 559 1456 768 1515; x_wconf 87' lang='lat' dir='ltr'>Lachmannus</span> <span class='ocrx_word' id='word_1_106' title='bbox 791 1457 916 1533; x_wconf 89' lang='lat' dir='ltr'>‘quibus</span> <span class='ocrx_word' id='word_1_107' title='bbox 937 1455 1069 1515; x_wconf 89' lang='lat' dir='ltr'>uersibus</span> <span class='ocrx_word' id='word_1_108' title='bbox 1089 1455 1192 1530; x_wconf 83' lang='lat' dir='ltr'>aliquis</span> <span class='ocrx_word' id='word_1_109' title='bbox 1216 1455 1252 1513; x_wconf 91' lang='lat' dir='ltr'>sit</span> <span class='ocrx_word' id='word_1_110' title='bbox 1273 1469 1344 1511; x_wconf 89' lang='lat' dir='ltr'>usus</span> <span class='ocrx_word' id='word_1_111' title='bbox 1364 1460 1436 1527; x_wconf 90' lang='lat' dir='ltr'>apto</span> 
     </span>
     <span class='ocr_line' id='line_1_12' title="bbox 292 1548 1456 1630; baseline -0.004 -19"><span class='ocrx_word' id='word_1_112' title='bbox 292 1553 393 1625; x_wconf 88' lang='lat' dir='ltr'>‘loco,</span> <span class='ocrx_word' id='word_1_113' title='bbox 417 1554 538 1613; x_wconf 87' lang='lat' dir='ltr'>eosdem</span> <span class='ocrx_word' id='word_1_114' title='bbox 562 1556 761 1614; x_wconf 87' lang='lat' dir='ltr'>inreuocatum</span> <span class='ocrx_word' id='word_1_115' title='bbox 786 1554 888 1613; x_wconf 88' lang='lat' dir='ltr'>iterare</span> <span class='ocrx_word' id='word_1_116' title='bbox 911 1564 941 1612; x_wconf 87' lang='lat' dir='ltr'>et</span> <span class='ocrx_word' id='word_1_117' title='bbox 964 1554 1100 1630; x_wconf 88' lang='lat' dir='ltr'>pauperis</span> <span class='ocrx_word' id='word_1_118' title='bbox 1124 1552 1232 1627; x_wconf 88' lang='lat' dir='ltr'>ingenii</span> <span class='ocrx_word' id='word_1_119' title='bbox 1247 1560 1300 1609; x_wconf 84' lang='lat' dir='ltr'>est</span> <span class='ocrx_word' id='word_1_120' title='bbox 1321 1558 1350 1608; x_wconf 89' lang='lat' dir='ltr'>et</span> <span class='ocrx_word' id='word_1_121' title='bbox 1370 1548 1456 1607; x_wconf 68' lang='lat' dir='ltr'>nul.</span> 
     </span>
     <span class='ocr_line' id='line_1_13' title="bbox 291 1648 1438 1733; baseline -0.003 -24"><span class='ocrx_word' id='word_1_122' title='bbox 291 1651 370 1711; x_wconf 87' lang='lat' dir='ltr'>‘lius</span> <span class='ocrx_word' id='word_1_123' title='bbox 391 1652 517 1727; x_wconf 75' lang='lat' dir='ltr'>ingenii!</span> <span class='ocrx_word' id='word_1_124' title='bbox 550 1650 677 1733; x_wconf 88' lang='lat' dir='ltr'>(Lucret.</span> <span class='ocrx_word' id='word_1_125' title='bbox 698 1672 727 1730; x_wconf 91' lang='lat' dir='ltr'>p.</span> <span class='ocrx_word' id='word_1_126' title='bbox 743 1651 805 1729; x_wconf 73' lang='lat'>61.)</span> <span class='ocrx_word' id='word_1_127' title='bbox 846 1653 918 1711; x_wconf 90' lang='lat' dir='ltr'>Post</span> <span class='ocrx_word' id='word_1_128' title='bbox 940 1670 965 1711; x_wconf 89' lang='lat' dir='ltr'>e.</span> <span class='ocrx_word' id='word_1_129' title='bbox 984 1651 1126 1710; x_wconf 91' lang='lat' dir='ltr'><strong>LXVIII.</strong></span> <span class='ocrx_word' id='word_1_130' title='bbox 1141 1654 1180 1722; x_wconf 85' lang='grc'>46</span> <span class='ocrx_word' id='word_1_131' title='bbox 1204 1668 1272 1709; x_wconf 90' lang='lat' dir='ltr'>cum</span> <span class='ocrx_word' id='word_1_132' title='bbox 1294 1648 1438 1707; x_wconf 89' lang='lat' dir='ltr'>nonnulla</span> 
     </span>
     <span class='ocr_line' id='line_1_14' title="bbox 292 1748 1437 1827; baseline -0.003 -18"><span class='ocrx_word' id='word_1_133' title='bbox 292 1751 460 1822; x_wconf 83' lang='lat' dir='ltr'>exciderint,</span> <span class='ocrx_word' id='word_1_134' title='bbox 480 1751 542 1810; x_wconf 88' lang='lat' dir='ltr'>iure</span> <span class='ocrx_word' id='word_1_135' title='bbox 566 1751 706 1811; x_wconf 86' lang='lat' dir='ltr'>amissum</span> <span class='ocrx_word' id='word_1_136' title='bbox 732 1766 850 1811; x_wconf 89' lang='lat' dir='ltr'>uersum</span> <span class='ocrx_word' id='word_1_137' title='bbox 874 1752 1000 1827; x_wconf 79' lang='lat' dir='ltr'>paginae</span> <span class='ocrx_word' id='word_1_138' title='bbox 1027 1750 1199 1809; x_wconf 81' lang='lat' dir='ltr'>adnumerat</span> <span class='ocrx_word' id='word_1_139' title='bbox 1219 1748 1437 1817; x_wconf 86' lang='lat' dir='ltr'>Lachmannus,</span> 
     </span>
     <span class='ocr_line' id='line_1_15' title="bbox 292 1847 1437 1927; baseline -0.006 -18"><span class='ocrx_word' id='word_1_140' title='bbox 292 1868 470 1927; x_wconf 78' lang='lat' dir='ltr'>quanquam,</span> <span class='ocrx_word' id='word_1_141' title='bbox 495 1861 527 1909; x_wconf 91' lang='lat' dir='ltr'>ut</span> <span class='ocrx_word' id='word_1_142' title='bbox 553 1850 625 1909; x_wconf 92' lang='lat' dir='ltr'>mihi</span> <span class='ocrx_word' id='word_1_143' title='bbox 651 1850 774 1923; x_wconf 88' lang='lat' dir='ltr'>uidetur,</span> <span class='ocrx_word' id='word_1_144' title='bbox 799 1868 902 1910; x_wconf 88' lang='lat' dir='ltr'>uersus</span> <span class='ocrx_word' id='word_1_145' title='bbox 929 1868 992 1909; x_wconf 91' lang='lat' dir='ltr'>non</span> <span class='ocrx_word' id='word_1_146' title='bbox 1018 1850 1116 1908; x_wconf 90' lang='lat' dir='ltr'>minus</span> <span class='ocrx_word' id='word_1_147' title='bbox 1143 1859 1201 1907; x_wconf 90' lang='lat' dir='ltr'>tres</span> <span class='ocrx_word' id='word_1_148' title='bbox 1229 1847 1437 1907; x_wconf 87' lang='lat' dir='ltr'>desiderantur.</span> 
     </span>
     <span class='ocr_line' id='line_1_16' title="bbox 291 1947 1438 2029; baseline -0.003 -22"><span class='ocrx_word' id='word_1_149' title='bbox 291 1948 433 2009; x_wconf 87' lang='lat' dir='ltr'>Eiusdem</span> <span class='ocrx_word' id='word_1_150' title='bbox 461 1949 596 2009; x_wconf 86' lang='lat' dir='ltr'>carminis</span> <span class='ocrx_word' id='word_1_151' title='bbox 623 1950 696 2009; x_wconf 83' lang='lat' dir='ltr'>Inter</span> <span class='ocrx_word' id='word_1_152' title='bbox 721 1947 818 2029; x_wconf 82' lang='lat'>(141),</span> <span class='ocrx_word' id='word_1_153' title='bbox 840 1948 926 2028; x_wconf 77' lang='lat'>(142)</span> <span class='ocrx_word' id='word_1_154' title='bbox 950 1968 1012 2008; x_wconf 91' lang='lat' dir='ltr'>non</span> <span class='ocrx_word' id='word_1_155' title='bbox 1036 1966 1132 2026; x_wconf 89' lang='lat' dir='ltr'>pauca</span> <span class='ocrx_word' id='word_1_156' title='bbox 1154 1948 1335 2007; x_wconf 89' lang='lat' dir='ltr'>intercidisse</span> <span class='ocrx_word' id='word_1_157' title='bbox 1358 1955 1438 2004; x_wconf 89' lang='lat' dir='ltr'>recte</span> 
     </span>
     <span class='ocr_line' id='line_1_17' title="bbox 293 2043 1477 2126; baseline -0.005 -20"><span class='ocrx_word' id='word_1_158' title='bbox 293 2047 393 2106; x_wconf 87' lang='lat' dir='ltr'>sensit</span> <span class='ocrx_word' id='word_1_159' title='bbox 436 2046 495 2106; x_wconf 90' lang='lat' dir='ltr'>Sed</span> <span class='ocrx_word' id='word_1_160' title='bbox 514 2047 561 2106; x_wconf 92' lang='lat' dir='ltr'>hic</span> <span class='ocrx_word' id='word_1_161' title='bbox 582 2065 701 2123; x_wconf 90' lang='lat' dir='ltr'>quoque</span> <span class='ocrx_word' id='word_1_162' title='bbox 721 2064 783 2107; x_wconf 92' lang='lat' dir='ltr'>non</span> <span class='ocrx_word' id='word_1_163' title='bbox 804 2048 983 2126; x_wconf 89' lang='lat' dir='ltr'>respondent</span> <span class='ocrx_word' id='word_1_164' title='bbox 1001 2048 1115 2107; x_wconf 90' lang='lat' dir='ltr'>numeri</span> <span class='ocrx_word' id='word_1_165' title='bbox 1134 2046 1315 2123; x_wconf 89' lang='lat' dir='ltr'>paginarum.</span> <span class='ocrx_word' id='word_1_166' title='bbox 1357 2043 1439 2101; x_wconf 88' lang='lat' dir='ltr'>Nam</span> <span class='ocrx_word' id='word_1_167' title='bbox 1468 2106 1477 2119; x_wconf 53' lang='lat'>‚</span> 
     </span>
     <span class='ocr_line' id='line_1_18' title="bbox 293 2143 1439 2225; baseline -0.003 -20"><span class='ocrx_word' id='word_1_168' title='bbox 293 2164 385 2223; x_wconf 91' lang='lat' dir='ltr'>quum</span> <span class='ocrx_word' id='word_1_169' title='bbox 406 2162 523 2205; x_wconf 90' lang='lat' dir='ltr'>uersum</span> <span class='ocrx_word' id='word_1_170' title='bbox 542 2143 627 2225; x_wconf 82' lang='lat'>(141)</span> <span class='ocrx_word' id='word_1_171' title='bbox 647 2147 809 2205; x_wconf 89' lang='lat' dir='ltr'>secundum</span> <span class='ocrx_word' id='word_1_172' title='bbox 830 2144 916 2206; x_wconf 86' lang='lat' dir='ltr'>iaciat</span> <span class='ocrx_word' id='word_1_173' title='bbox 936 2146 1061 2223; x_wconf 77' lang='lat' dir='ltr'>paginae</span> <span class='ocrx_word' id='word_1_174' title='bbox 1081 2148 1129 2217; x_wconf 89' lang='grc'>66,</span> <span class='ocrx_word' id='word_1_175' title='bbox 1148 2145 1195 2204; x_wconf 92' lang='lat' dir='ltr'>hic</span> <span class='ocrx_word' id='word_1_176' title='bbox 1217 2154 1315 2204; x_wconf 90' lang='lat' dir='ltr'>autem</span> <span class='ocrx_word' id='word_1_177' title='bbox 1335 2160 1439 2202; x_wconf 86' lang='lat' dir='ltr'>uersus</span> 
     </span>
     <span class='ocr_line' id='line_1_19' title="bbox 295 2241 1440 2323; baseline -0.005 -19"><span class='ocrx_word' id='word_1_178' title='bbox 295 2244 463 2305; x_wconf 84' lang='lat' dir='ltr'>hexameter</span> <span class='ocrx_word' id='word_1_179' title='bbox 483 2244 528 2315; x_wconf 92' lang='lat' dir='ltr'>sit,</span> <span class='ocrx_word' id='word_1_180' title='bbox 542 2263 662 2305; x_wconf 86' lang='lat' dir='ltr'>necesse</span> <span class='ocrx_word' id='word_1_181' title='bbox 683 2253 727 2304; x_wconf 89' lang='lat' dir='ltr'>est</span> <span class='ocrx_word' id='word_1_182' title='bbox 748 2254 798 2304; x_wconf 85' lang='lat' dir='ltr'>aut</span> <span class='ocrx_word' id='word_1_183' title='bbox 818 2246 965 2323; x_wconf 83' lang='lat' dir='ltr'>sequentis</span> <span class='ocrx_word' id='word_1_184' title='bbox 979 2246 1104 2322; x_wconf 86' lang='lat' dir='ltr'>paginae</span> <span class='ocrx_word' id='word_1_185' title='bbox 1120 2262 1223 2302; x_wconf 88' lang='lat' dir='ltr'>uersus</span> <span class='ocrx_word' id='word_1_186' title='bbox 1243 2241 1388 2302; x_wconf 89' lang='lat' dir='ltr'>secundus</span> <span class='ocrx_word' id='word_1_187' title='bbox 1407 2250 1440 2298; x_wconf 93' lang='lat' dir='ltr'>et</span> 
     </span>
     <span class='ocr_line' id='line_1_20' title="bbox 293 2342 1439 2422; baseline -0.005 -19"><span class='ocrx_word' id='word_1_188' title='bbox 293 2346 357 2422; x_wconf 87' lang='lat' dir='ltr'>lpse</span> <span class='ocrx_word' id='word_1_189' title='bbox 378 2344 545 2403; x_wconf 82' lang='lat' dir='ltr'>hexameter</span> <span class='ocrx_word' id='word_1_190' title='bbox 566 2346 610 2415; x_wconf 90' lang='lat' dir='ltr'>sit,</span> <span class='ocrx_word' id='word_1_191' title='bbox 625 2355 674 2404; x_wconf 86' lang='lat' dir='ltr'>aut</span> <span class='ocrx_word' id='word_1_192' title='bbox 694 2346 789 2421; x_wconf 88' lang='lat' dir='ltr'>impar</span> <span class='ocrx_word' id='word_1_193' title='bbox 807 2345 857 2403; x_wconf 89' lang='lat' dir='ltr'>fiat</span> <span class='ocrx_word' id='word_1_194' title='bbox 877 2362 1017 2404; x_wconf 91' lang='lat' dir='ltr'>numerus</span> <span class='ocrx_word' id='word_1_195' title='bbox 1036 2361 1182 2403; x_wconf 88' lang='lat' dir='ltr'>uersuum.</span> <span class='ocrx_word' id='word_1_196' title='bbox 1224 2342 1315 2418; x_wconf 84' lang='lat' dir='ltr'>Atqui</span> <span class='ocrx_word' id='word_1_197' title='bbox 1335 2349 1439 2417; x_wconf 81' lang='lat' dir='ltr'>penta·</span> 
     </span>
     <span class='ocr_line' id='line_1_21' title="bbox 295 2438 1439 2520; baseline -0.003 -19"><span class='ocrx_word' id='word_1_198' title='bbox 295 2455 387 2503; x_wconf 89' lang='lat' dir='ltr'>meter</span> <span class='ocrx_word' id='word_1_199' title='bbox 401 2454 452 2501; x_wconf 89' lang='lat' dir='ltr'>est.</span> <span class='ocrx_word' id='word_1_200' title='bbox 495 2442 565 2502; x_wconf 92' lang='lat' dir='ltr'>Non</span> <span class='ocrx_word' id='word_1_201' title='bbox 578 2444 664 2520; x_wconf 90' lang='lat' dir='ltr'>igitur</span> <span class='ocrx_word' id='word_1_202' title='bbox 680 2462 718 2519; x_wconf 81' lang='lat'>30</span> <span class='ocrx_word' id='word_1_203' title='bbox 732 2462 834 2503; x_wconf 91' lang='lat' dir='ltr'>uersus</span> <span class='ocrx_word' id='word_1_204' title='bbox 848 2444 949 2501; x_wconf 90' lang='lat' dir='ltr'>habuit</span> <span class='ocrx_word' id='word_1_205' title='bbox 962 2444 1069 2519; x_wconf 88' lang='lat' dir='ltr'>pagina</span> <span class='ocrx_word' id='word_1_206' title='bbox 1080 2438 1145 2500; x_wconf 81' lang='lat'>66².</span> <span class='ocrx_word' id='word_1_207' title='bbox 1187 2442 1339 2500; x_wconf 88' lang='lat' dir='ltr'>Postremo</span> <span class='ocrx_word' id='word_1_208' title='bbox 1353 2447 1385 2498; x_wconf 85' lang='lat' dir='ltr'>ut</span> <span class='ocrx_word' id='word_1_209' title='bbox 1399 2438 1439 2497; x_wconf 89' lang='lat' dir='ltr'>ad</span> 
     </span>
     <span class='ocr_line' id='line_1_22' title="bbox 295 2536 1439 2618; baseline -0.004 -19"><span class='ocrx_word' id='word_1_210' title='bbox 295 2540 472 2617; x_wconf 84' lang='lat' dir='ltr'>transposita</span> <span class='ocrx_word' id='word_1_211' title='bbox 485 2542 614 2600; x_wconf 89' lang='lat' dir='ltr'>carmina</span> <span class='ocrx_word' id='word_1_212' title='bbox 628 2540 751 2613; x_wconf 86' lang='lat' dir='ltr'><strong>LXXV,</strong></span> <span class='ocrx_word' id='word_1_213' title='bbox 765 2540 896 2601; x_wconf 92' lang='lat' dir='ltr'><strong>LXXVI</strong></span> <span class='ocrx_word' id='word_1_214' title='bbox 910 2542 1071 2611; x_wconf 85' lang='lat' dir='ltr'>ueniamus,</span> <span class='ocrx_word' id='word_1_215' title='bbox 1085 2540 1178 2618; x_wconf 91' lang='lat' dir='ltr'>potuit</span> <span class='ocrx_word' id='word_1_216' title='bbox 1192 2540 1222 2599; x_wconf 92' lang='lat' dir='ltr'>id</span> <span class='ocrx_word' id='word_1_217' title='bbox 1236 2538 1353 2616; x_wconf 91' lang='lat' dir='ltr'>quidem</span> <span class='ocrx_word' id='word_1_218' title='bbox 1367 2536 1439 2608; x_wconf 87' lang='lat' dir='ltr'>fieri,</span> 
     </span>
     <span class='ocr_line' id='line_1_23' title="bbox 295 2636 1440 2716; baseline -0.005 -18"><span class='ocrx_word' id='word_1_219' title='bbox 295 2638 329 2710; x_wconf 90' lang='lat' dir='ltr'>si,</span> <span class='ocrx_word' id='word_1_220' title='bbox 343 2638 438 2698; x_wconf 82' lang='lat' dir='ltr'>scriba</span> <span class='ocrx_word' id='word_1_221' title='bbox 455 2657 545 2715; x_wconf 89' lang='lat' dir='ltr'>quum</span> <span class='ocrx_word' id='word_1_222' title='bbox 566 2640 596 2697; x_wconf 93' lang='lat' dir='ltr'>in</span> <span class='ocrx_word' id='word_1_223' title='bbox 617 2640 674 2698; x_wconf 92' lang='lat' dir='ltr'>line</span> <span class='ocrx_word' id='word_1_224' title='bbox 695 2640 820 2716; x_wconf 84' lang='lat' dir='ltr'>paginae</span> <span class='ocrx_word' id='word_1_225' title='bbox 836 2643 884 2715; x_wconf 82' lang='lat'>67,</span> <span class='ocrx_word' id='word_1_226' title='bbox 898 2640 945 2699; x_wconf 90' lang='lat' dir='ltr'>uel</span> <span class='ocrx_word' id='word_1_227' title='bbox 966 2640 1072 2716; x_wconf 91' lang='lat' dir='ltr'>potius,</span> <span class='ocrx_word' id='word_1_228' title='bbox 1086 2648 1118 2697; x_wconf 91' lang='lat' dir='ltr'>ut</span> <span class='ocrx_word' id='word_1_229' title='bbox 1136 2636 1365 2697; x_wconf 85' lang='lat' dir='ltr'>Lachmanniani</span> <span class='ocrx_word' id='word_1_230' title='bbox 1383 2653 1440 2693; x_wconf 89' lang='lat' dir='ltr'>nu·</span> 
     </span>
     <span class='ocr_line' id='line_1_24' title="bbox 296 2733 1440 2813; baseline -0.002 -18"><span class='ocrx_word' id='word_1_231' title='bbox 296 2736 369 2795; x_wconf 89' lang='lat' dir='ltr'>meri</span> <span class='ocrx_word' id='word_1_232' title='bbox 382 2744 500 2811; x_wconf 82' lang='lat' dir='ltr'>cogrmt,</span> <span class='ocrx_word' id='word_1_233' title='bbox 515 2738 554 2794; x_wconf 86' lang='grc'>68</span> <span class='ocrx_word' id='word_1_234' title='bbox 569 2736 731 2813; x_wconf 79' lang='lat' dir='ltr'>scripsisset</span> <span class='ocrx_word' id='word_1_235' title='bbox 744 2738 877 2796; x_wconf 84' lang='lat' dir='ltr'>ultinmm</span> <span class='ocrx_word' id='word_1_236' title='bbox 890 2756 1008 2797; x_wconf 84' lang='lat' dir='ltr'>uersum</span> <span class='ocrx_word' id='word_1_237' title='bbox 1022 2736 1158 2796; x_wconf 90' lang='lat' dir='ltr'>carminis</span> <span class='ocrx_word' id='word_1_238' title='bbox 1171 2733 1309 2806; x_wconf 88' lang='lat' dir='ltr'><strong>LXXIV,</strong></span> <span class='ocrx_word' id='word_1_239' title='bbox 1324 2734 1440 2793; x_wconf 90' lang='lat' dir='ltr'>duabus</span> 
     </span>
     <span class='ocr_line' id='line_1_25' title="bbox 296 2832 1442 2916; baseline -0.003 -22"><span class='ocrx_word' id='word_1_240' title='bbox 296 2834 437 2911; x_wconf 86' lang='lat' dir='ltr'>proximis</span> <span class='ocrx_word' id='word_1_241' title='bbox 459 2834 573 2911; x_wconf 87' lang='lat' dir='ltr'>paginis</span> <span class='ocrx_word' id='word_1_242' title='bbox 596 2836 644 2906; x_wconf 87' lang='lat'>68,</span> <span class='ocrx_word' id='word_1_243' title='bbox 664 2838 702 2910; x_wconf 91' lang='grc'>69</span> <span class='ocrx_word' id='word_1_244' title='bbox 718 2834 779 2916; x_wconf 90' lang='lat'><strong>(69,</strong></span> <span class='ocrx_word' id='word_1_245' title='bbox 803 2834 855 2914; x_wconf 80' lang='lat'>70)</span> <span class='ocrx_word' id='word_1_246' title='bbox 877 2835 1017 2911; x_wconf 88' lang='lat' dir='ltr'>neglectis</span> <span class='ocrx_word' id='word_1_247' title='bbox 1039 2836 1106 2893; x_wconf 91' lang='lat' dir='ltr'>h.e.</span> <span class='ocrx_word' id='word_1_248' title='bbox 1130 2834 1202 2894; x_wconf 86' lang='lat' dir='ltr'>folio</span> <span class='ocrx_word' id='word_1_249' title='bbox 1224 2851 1285 2893; x_wconf 91' lang='lat' dir='ltr'>uno</span> <span class='ocrx_word' id='word_1_250' title='bbox 1310 2832 1442 2892; x_wconf 89' lang='lat' dir='ltr'>carmina</span> 
     </span>
     <span class='ocr_line' id='line_1_26' title="bbox 297 2928 1440 3011; baseline -0.003 -19"><span class='ocrx_word' id='word_1_251' title='bbox 297 2931 701 3006; x_wconf 84' lang='lat' dir='ltr'><strong>LXXVII-LXXXVII.4</strong></span> <span class='ocrx_word' id='word_1_252' title='bbox 723 2934 890 2994; x_wconf 86' lang='lat' dir='ltr'>continente</span> <span class='ocrx_word' id='word_1_253' title='bbox 911 2935 950 2994; x_wconf 89' lang='lat' dir='ltr'>ad</span> <span class='ocrx_word' id='word_1_254' title='bbox 970 2934 1109 3011; x_wconf 88' lang='lat' dir='ltr'>paginam</span> <span class='ocrx_word' id='word_1_255' title='bbox 1132 2928 1249 3011; x_wconf 80' lang='lat'><strong>70(71)</strong></span> <span class='ocrx_word' id='word_1_256' title='bbox 1270 2930 1440 3002; x_wconf 86' lang='lat' dir='ltr'>transiisset,</span> 
     </span>
     <span class='ocr_line' id='line_1_27' title="bbox 296 3030 1441 3111; baseline -0.003 -19"><span class='ocrx_word' id='word_1_257' title='bbox 296 3051 356 3111; x_wconf 89' lang='lat' dir='ltr'>qua</span> <span class='ocrx_word' id='word_1_258' title='bbox 369 3032 528 3110; x_wconf 84' lang='lat' dir='ltr'>perscripta</span> <span class='ocrx_word' id='word_1_259' title='bbox 541 3033 579 3092; x_wconf 89' lang='lat' dir='ltr'>ad</span> <span class='ocrx_word' id='word_1_260' title='bbox 593 3034 716 3093; x_wconf 88' lang='lat' dir='ltr'>omissas</span> <span class='ocrx_word' id='word_1_261' title='bbox 731 3036 855 3111; x_wconf 83' lang='lat' dir='ltr'>paginas</span> <span class='ocrx_word' id='word_1_262' title='bbox 869 3053 1002 3093; x_wconf 89' lang='lat' dir='ltr'>reuersus</span> <span class='ocrx_word' id='word_1_263' title='bbox 1015 3034 1106 3093; x_wconf 89' lang='lat' dir='ltr'>fuerit.</span> <span class='ocrx_word' id='word_1_264' title='bbox 1147 3032 1207 3092; x_wconf 85' lang='lat' dir='ltr'>Sed</span> <span class='ocrx_word' id='word_1_265' title='bbox 1219 3034 1295 3091; x_wconf 88' lang='lat' dir='ltr'>bene</span> <span class='ocrx_word' id='word_1_266' title='bbox 1309 3030 1441 3090; x_wconf 89' lang='lat' dir='ltr'>animad-</span> 
     </span>
     <span class='ocr_line' id='line_1_28' title="bbox 297 3130 1440 3211; baseline -0.003 -20"><span class='ocrx_word' id='word_1_267' title='bbox 297 3132 383 3191; x_wconf 90' lang='lat' dir='ltr'>uertit</span> <span class='ocrx_word' id='word_1_268' title='bbox 396 3130 556 3191; x_wconf 89' lang='lat' dir='ltr'>Boehmius</span> <span class='ocrx_word' id='word_1_269' title='bbox 570 3132 696 3191; x_wconf 88' lang='lat' dir='ltr'>scribam</span> <span class='ocrx_word' id='word_1_270' title='bbox 709 3142 772 3192; x_wconf 91' lang='lat' dir='ltr'>toto</span> <span class='ocrx_word' id='word_1_271' title='bbox 786 3132 857 3193; x_wconf 85' lang='lat' dir='ltr'>folio</span> <span class='ocrx_word' id='word_1_272' title='bbox 871 3134 1040 3211; x_wconf 89' lang='lat' dir='ltr'>perscripto,</span> <span class='ocrx_word' id='word_1_273' title='bbox 1051 3150 1113 3191; x_wconf 90' lang='lat' dir='ltr'>non</span> <span class='ocrx_word' id='word_1_274' title='bbox 1124 3131 1244 3191; x_wconf 90' lang='lat' dir='ltr'>dimidio</span> <span class='ocrx_word' id='word_1_275' title='bbox 1259 3140 1372 3189; x_wconf 86' lang='lat' dir='ltr'>tantum</span> <span class='ocrx_word' id='word_1_276' title='bbox 1382 3130 1440 3188; x_wconf 89' lang='lat' dir='ltr'>h.e.</span> 
     </span>
     <span class='ocr_line' id='line_1_29' title="bbox 297 3228 1441 3308; baseline -0.002 -20"><span class='ocrx_word' id='word_1_277' title='bbox 297 3229 413 3307; x_wconf 87' lang='lat' dir='ltr'>triginta</span> <span class='ocrx_word' id='word_1_278' title='bbox 426 3238 538 3289; x_wconf 91' lang='lat' dir='ltr'>tanturn</span> <span class='ocrx_word' id='word_1_279' title='bbox 551 3231 692 3303; x_wconf 88' lang='lat' dir='ltr'>uersibus,</span> <span class='ocrx_word' id='word_1_280' title='bbox 707 3232 749 3291; x_wconf 91' lang='lat' dir='ltr'>sic</span> <span class='ocrx_word' id='word_1_281' title='bbox 766 3231 877 3291; x_wconf 86' lang='lat' dir='ltr'>facilius</span> <span class='ocrx_word' id='word_1_282' title='bbox 894 3232 932 3291; x_wconf 93' lang='lat' dir='ltr'>ad</span> <span class='ocrx_word' id='word_1_283' title='bbox 945 3234 1025 3308; x_wconf 90' lang='lat' dir='ltr'>prius</span> <span class='ocrx_word' id='word_1_284' title='bbox 1044 3230 1146 3290; x_wconf 85' lang='lat' dir='ltr'>lolium</span> <span class='ocrx_word' id='word_1_285' title='bbox 1164 3230 1322 3289; x_wconf 90' lang='lat' dir='ltr'>rediturum</span> <span class='ocrx_word' id='word_1_286' title='bbox 1340 3228 1441 3288; x_wconf 85' lang='lat' dir='ltr'>fuisse.</span> 
     </span>
     <span class='ocr_line' id='line_1_30' title="bbox 298 3326 1443 3405; baseline -0.002 -17"><span class='ocrx_word' id='word_1_287' title='bbox 298 3329 345 3388; x_wconf 90' lang='lat' dir='ltr'>De</span> <span class='ocrx_word' id='word_1_288' title='bbox 363 3328 484 3405; x_wconf 87' lang='lat' dir='ltr'>singulis</span> <span class='ocrx_word' id='word_1_289' title='bbox 502 3328 575 3389; x_wconf 87' lang='lat' dir='ltr'>haec</span> <span class='ocrx_word' id='word_1_290' title='bbox 594 3330 664 3389; x_wconf 90' lang='lat' dir='ltr'>satis</span> <span class='ocrx_word' id='word_1_291' title='bbox 682 3340 766 3402; x_wconf 91' lang='lat' dir='ltr'>sunt;</span> <span class='ocrx_word' id='word_1_292' title='bbox 788 3330 857 3391; x_wconf 89' lang='lat' dir='ltr'>illud</span> <span class='ocrx_word' id='word_1_293' title='bbox 878 3330 909 3388; x_wconf 90' lang='lat' dir='ltr'>in</span> <span class='ocrx_word' id='word_1_294' title='bbox 929 3330 1098 3389; x_wconf 90' lang='lat' dir='ltr'>uniuersum</span> <span class='ocrx_word' id='word_1_295' title='bbox 1112 3338 1213 3387; x_wconf 87' lang='lat' dir='ltr'>contra</span> <span class='ocrx_word' id='word_1_296' title='bbox 1226 3326 1443 3386; x_wconf 88' lang='lat' dir='ltr'>Lachmannia-</span> 
     </span>
     <span class='ocr_line' id='line_1_31' title="bbox 298 3426 1442 3506; baseline -0.003 -20"><span class='ocrx_word' id='word_1_297' title='bbox 298 3445 369 3486; x_wconf 89' lang='lat' dir='ltr'>num</span> <span class='ocrx_word' id='word_1_298' title='bbox 387 3428 567 3506; x_wconf 79' lang='lat' dir='ltr'>archetypon</span> <span class='ocrx_word' id='word_1_299' title='bbox 586 3428 653 3487; x_wconf 88' lang='lat' dir='ltr'>addi</span> <span class='ocrx_word' id='word_1_300' title='bbox 673 3439 777 3505; x_wconf 84' lang='lat' dir='ltr'>potest,</span> <span class='ocrx_word' id='word_1_301' title='bbox 792 3428 873 3505; x_wconf 91' lang='lat' dir='ltr'>quod</span> <span class='ocrx_word' id='word_1_302' title='bbox 889 3428 1037 3487; x_wconf 89' lang='lat' dir='ltr'>titulorum</span> <span class='ocrx_word' id='word_1_303' title='bbox 1055 3428 1105 3503; x_wconf 91' lang='lat' dir='ltr'>qui</span> <span class='ocrx_word' id='word_1_304' title='bbox 1124 3426 1301 3486; x_wconf 68' lang='lat' dir='ltr'>carminrlrus</span> <span class='ocrx_word' id='word_1_305' title='bbox 1319 3426 1442 3502; x_wconf 84' lang='lat' dir='ltr'>praefixi</span> 
     </span>
     <span class='ocr_line' id='line_1_32' title="bbox 297 3524 1442 3604; baseline -0.003 -19"><span class='ocrx_word' id='word_1_306' title='bbox 297 3536 365 3585; x_wconf 87' lang='lat' dir='ltr'>sunt</span> <span class='ocrx_word' id='word_1_307' title='bbox 379 3526 488 3586; x_wconf 86' lang='lat' dir='ltr'>nullam</span> <span class='ocrx_word' id='word_1_308' title='bbox 503 3527 645 3586; x_wconf 78' lang='lat' dir='ltr'>radonem</span> <span class='ocrx_word' id='word_1_309' title='bbox 658 3527 754 3586; x_wconf 85' lang='lat' dir='ltr'>habet.</span> <span class='ocrx_word' id='word_1_310' title='bbox 795 3527 886 3604; x_wconf 87' lang='lat' dir='ltr'>Atqui</span> <span class='ocrx_word' id='word_1_311' title='bbox 899 3526 997 3586; x_wconf 90' lang='lat' dir='ltr'>titulos</span> <span class='ocrx_word' id='word_1_312' title='bbox 1015 3525 1194 3603; x_wconf 89' lang='lat' dir='ltr'>archetypon</span> <span class='ocrx_word' id='word_1_313' title='bbox 1213 3524 1349 3584; x_wconf 86' lang='lat' dir='ltr'>habuisse</span> <span class='ocrx_word' id='word_1_314' title='bbox 1368 3541 1442 3583; x_wconf 86' lang='lat' dir='ltr'>mox</span> 
     </span>
     <span class='ocr_line' id='line_1_33' title="bbox 300 3620 473 3682; baseline 0.006 -1"><span class='ocrx_word' id='word_1_315' title='bbox 300 3620 473 3682; x_wconf 86' lang='lat' dir='ltr'>uldebimus.</span> 
     </span>
    </p>

    <p class='ocr_par' dir='ltr' id='par_1_3' title="bbox 300 3720 1443 3979">
     <span class='ocr_line' id='line_1_34' title="bbox 340 3720 1443 3799; baseline 0 -21"><span class='ocrx_word' id='word_1_316' title='bbox 340 3720 436 3779; x_wconf 83' lang='lat' dir='ltr'>Aliam</span> <span class='ocrx_word' id='word_1_317' title='bbox 458 3721 629 3781; x_wconf 86' lang='lat' dir='ltr'>sententiam</span> <span class='ocrx_word' id='word_1_318' title='bbox 650 3720 767 3797; x_wconf 91' lang='lat' dir='ltr'>protulit</span> <span class='ocrx_word' id='word_1_319' title='bbox 786 3720 929 3797; x_wconf 87' lang='lat' dir='ltr'>Bergkius</span> <span class='ocrx_word' id='word_1_320' title='bbox 943 3738 1032 3799; x_wconf 86' lang='lat' dir='ltr'>quam</span> <span class='ocrx_word' id='word_1_321' title='bbox 1045 3720 1205 3782; x_wconf 89' lang='lat' dir='ltr'>Boehmius</span> <span class='ocrx_word' id='word_1_322' title='bbox 1226 3729 1256 3779; x_wconf 91' lang='lat' dir='ltr'>et</span> <span class='ocrx_word' id='word_1_323' title='bbox 1275 3720 1443 3796; x_wconf 79' lang='lat' dir='ltr'>nupernme</span> 
     </span>
     <span class='ocr_line' id='line_1_35' title="bbox 300 3814 1442 3897; baseline 0.002 -21"><span class='ocrx_word' id='word_1_324' title='bbox 300 3814 497 3895; x_wconf 88' lang='lat' dir='ltr'>Westphalius</span> <span class='ocrx_word' id='word_1_325' title='bbox 521 3820 648 3896; x_wconf 87' lang='lat' dir='ltr'>amplexi</span> <span class='ocrx_word' id='word_1_326' title='bbox 671 3831 745 3892; x_wconf 86' lang='lat' dir='ltr'>sunt,</span> <span class='ocrx_word' id='word_1_327' title='bbox 771 3820 825 3879; x_wconf 86' lang='lat' dir='ltr'>sed</span> <span class='ocrx_word' id='word_1_328' title='bbox 847 3830 970 3897; x_wconf 84' lang='lat' dir='ltr'>uterque</span> <span class='ocrx_word' id='word_1_329' title='bbox 993 3838 1029 3878; x_wconf 85' lang='lat' dir='ltr'>ex</span> <span class='ocrx_word' id='word_1_330' title='bbox 1056 3820 1154 3897; x_wconf 89' lang='lat' dir='ltr'>aliqua</span> <span class='ocrx_word' id='word_1_331' title='bbox 1180 3828 1264 3897; x_wconf 90' lang='lat' dir='ltr'>parte</span> <span class='ocrx_word' id='word_1_332' title='bbox 1289 3829 1442 3879; x_wconf 75' lang='lat' dir='ltr'>munnm.</span> 
     </span>
     <span class='ocr_line' id='line_1_36' title="bbox 300 3916 1442 3979; baseline 0 -2"><span class='ocrx_word' id='word_1_333' title='bbox 300 3916 415 3977; x_wconf 86' lang='lat' dir='ltr'>Omnes</span> <span class='ocrx_word' id='word_1_334' title='bbox 428 3918 507 3977; x_wconf 87' lang='lat' dir='ltr'>enim</span> <span class='ocrx_word' id='word_1_335' title='bbox 521 3920 681 3978; x_wconf 77' lang='lat' dir='ltr'>caminum</span> <span class='ocrx_word' id='word_1_336' title='bbox 695 3918 1056 3977; x_wconf 89' lang='lat' dir='ltr'><strong>LXXIV-LXXXVIII</strong></span> <span class='ocrx_word' id='word_1_337' title='bbox 1075 3919 1154 3979; x_wconf 90' lang='lat' dir='ltr'>hunc</span> <span class='ocrx_word' id='word_1_338' title='bbox 1173 3917 1282 3977; x_wconf 87' lang='lat' dir='ltr'>iaciunt</span> <span class='ocrx_word' id='word_1_339' title='bbox 1298 3918 1442 3977; x_wconf 89' lang='lat' dir='ltr'>ordinem.</span> 
     </span>
    </p>
   </div>
   <div class='ocr_carea' id='block_1_3' title="bbox 298 4177 1444 4489">
    <p class='ocr_par' dir='ltr' id='par_1_4' title="bbox 300 4177 1444 4325">
     <span class='ocr_line' id='line_1_37' title="bbox 300 4177 1444 4241; baseline -0.001 -15"><span class='ocrx_word' id='word_1_340' title='bbox 300 4178 437 4227; x_wconf 86' lang='lat' dir='ltr'>credendum</span> <span class='ocrx_word' id='word_1_341' title='bbox 446 4179 475 4226; x_wconf 84' lang='lat' dir='ltr'>sit</span> <span class='ocrx_word' id='word_1_342' title='bbox 486 4193 516 4226; x_wconf 86' lang='lat' dir='ltr'>ex</span> <span class='ocrx_word' id='word_1_343' title='bbox 528 4181 664 4241; x_wconf 81' lang='lat' dir='ltr'>comparatis</span> <span class='ocrx_word' id='word_1_344' title='bbox 675 4182 738 4237; x_wconf 76' lang='lat' dir='ltr'>locis,</span> <span class='ocrx_word' id='word_1_345' title='bbox 746 4181 786 4228; x_wconf 89' lang='lat' dir='ltr'>ubi</span> <span class='ocrx_word' id='word_1_346' title='bbox 798 4181 826 4228; x_wconf 91' lang='lat' dir='ltr'>de</span> <span class='ocrx_word' id='word_1_347' title='bbox 838 4189 929 4228; x_wconf 78' lang='lat' dir='ltr'>uetusto</span> <span class='ocrx_word' id='word_1_348' title='bbox 940 4180 1019 4227; x_wconf 85' lang='lat' dir='ltr'>codice</span> <span class='ocrx_word' id='word_1_349' title='bbox 1030 4180 1136 4240; x_wconf 84' lang='lat' dir='ltr'>loquitur,</span> <span class='ocrx_word' id='word_1_350' title='bbox 1147 4179 1234 4227; x_wconf 76' lang='lat' dir='ltr'>facilius</span> <span class='ocrx_word' id='word_1_351' title='bbox 1245 4177 1369 4240; x_wconf 83' lang='lat' dir='ltr'>apparebit.</span> <span class='ocrx_word' id='word_1_352' title='bbox 1394 4180 1444 4225; x_wconf 82' lang='lat' dir='ltr'>llos</span> 
     </span>
     <span class='ocr_line' id='line_1_38' title="bbox 303 4260 1264 4325; baseline 0.001 -16"><span class='ocrx_word' id='word_1_353' title='bbox 303 4261 417 4325; x_wconf 82' lang='lat' dir='ltr'>congessit</span> <span class='ocrx_word' id='word_1_354' title='bbox 428 4262 559 4309; x_wconf 79' lang='lat' dir='ltr'>Schwaqus</span> <span class='ocrx_word' id='word_1_355' title='bbox 570 4264 593 4309; x_wconf 93' lang='lat' dir='ltr'>in</span> <span class='ocrx_word' id='word_1_356' title='bbox 606 4263 682 4310; x_wconf 87' lang='lat' dir='ltr'>Indice</span> <span class='ocrx_word' id='word_1_357' title='bbox 694 4264 809 4311; x_wconf 79' lang='lat' dir='ltr'>scolarum</span> <span class='ocrx_word' id='word_1_358' title='bbox 822 4264 957 4325; x_wconf 77' lang='lat' dir='ltr'>Dorpatensi</span> <span class='ocrx_word' id='word_1_359' title='bbox 969 4264 1021 4309; x_wconf 83' lang='lat' dir='ltr'>anni</span> <span class='ocrx_word' id='word_1_360' title='bbox 1036 4260 1107 4323; x_wconf 87' lang='lat'>1865,</span> <span class='ocrx_word' id='word_1_361' title='bbox 1123 4278 1160 4324; x_wconf 91' lang='lat' dir='ltr'>pp.</span> <span class='ocrx_word' id='word_1_362' title='bbox 1175 4275 1213 4317; x_wconf 91' lang='lat'>12,</span> <span class='ocrx_word' id='word_1_363' title='bbox 1226 4275 1264 4323; x_wconf 76' lang='lat'>13.</span> 
     </span>
    </p>

    <p class='ocr_par' dir='ltr' id='par_1_5' title="bbox 298 4342 1314 4489">
     <span class='ocr_line' id='line_1_39' title="bbox 336 4342 1314 4410; baseline 0.001 -21"><span class='ocrx_word' id='word_1_364' title='bbox 336 4342 344 4371; x_wconf 91' lang='lat'><strong>¹</strong></span> <span class='ocrx_word' id='word_1_365' title='bbox 361 4344 414 4390; x_wconf 84' lang='lat' dir='ltr'>Eius</span> <span class='ocrx_word' id='word_1_366' title='bbox 425 4344 463 4405; x_wconf 91' lang='lat' dir='ltr'>qui</span> <span class='ocrx_word' id='word_1_367' title='bbox 475 4344 498 4391; x_wconf 92' lang='lat' dir='ltr'>in</span> <span class='ocrx_word' id='word_1_368' title='bbox 509 4344 558 4392; x_wconf 83' lang='lat' dir='ltr'>aliis</span> <span class='ocrx_word' id='word_1_369' title='bbox 569 4346 599 4391; x_wconf 87' lang='lat' dir='ltr'>ric</span> <span class='ocrx_word' id='word_1_370' title='bbox 612 4346 693 4409; x_wconf 84' lang='lat' dir='ltr'>legitur</span> <span class='ocrx_word' id='word_1_371' title='bbox 704 4346 829 4410; x_wconf 80' lang='lat' dir='ltr'>Alloquor,</span> <span class='ocrx_word' id='word_1_372' title='bbox 840 4347 936 4394; x_wconf 71' lang='lat' dir='ltr'>meiero</span> <span class='ocrx_word' id='word_1_373' title='bbox 947 4360 1064 4409; x_wconf 59' lang='lat' dir='ltr'>numnam</span> <span class='ocrx_word' id='word_1_374' title='bbox 1075 4354 1117 4392; x_wconf 75' lang='lat' dir='ltr'>tao</span> <span class='ocrx_word' id='word_1_375' title='bbox 1169 4345 1314 4407; x_wconf 76' lang='lat' dir='ltr'>loquentem?</span> 
     </span>
     <span class='ocr_line' id='line_1_40' title="bbox 298 4424 661 4489; baseline 0.011 -17"><span class='ocrx_word' id='word_1_376' title='bbox 298 4483 301 4489; x_wconf 27' lang='grc' dir='ltr'>Ι</span> <span class='ocrx_word' id='word_1_377' title='bbox 336 4424 346 4453; x_wconf 77' lang='lat'>¹</span> <span class='ocrx_word' id='word_1_378' title='bbox 363 4426 485 4474; x_wconf 79' lang='lat' dir='ltr'>Boehmius</span> <span class='ocrx_word' id='word_1_379' title='bbox 498 4428 592 4487; x_wconf 83' lang='lat' dir='ltr'>Qaest.</span> <span class='ocrx_word' id='word_1_380' title='bbox 606 4444 628 4489; x_wconf 90' lang='lat' dir='ltr'>p.</span> <span class='ocrx_word' id='word_1_381' title='bbox 639 4428 661 4476; x_wconf 90' lang='lat'>8.</span> 
     </span>
    </p>
   </div>
   <div class='ocr_carea' id='block_1_4' title="bbox 0 0 1590 5059">
    <p class='ocr_par' dir='ltr' id='par_1_6' title="bbox 0 0 1590 5059">
     <span class='ocr_line' id='line_1_41' title="bbox 0 0 1590 5059; baseline 0 0"><span class='ocrx_word' id='word_1_382' title='bbox 0 0 1590 5059; x_wconf 95' lang='lat' dir='ltr'> </span> 
     </span>
    </p>
   </div>
  </div>
 </body>
</html>
