3142 5059
587 387 643 445 an
673 387 767 446 xxv,
789 405 815 460 5.
1212 393 1269 460 sm

125 567 165 626 In
188 570 293 646 quibus
317 583 415 647 aperte
436 582 604 649 corruptum
626 581 670 630 est
692 589 792 642 aues;
823 589 891 629 nam
916 589 971 630 nec
992 581 1115 630 metrum
1138 581 1194 630 stat
1215 590 1270 631 nec

124 667 255 742 priorem
269 679 382 744 partem
396 688 497 730 uersus
512 671 542 727 in
556 688 601 729 -es
618 669 723 729 exiisse
742 669 832 728 credo
850 687 889 727 ne
906 687 990 729 aures
1011 669 1173 729 offenderet
1193 671 1270 729 eius-

123 765 210 824 modi
223 767 368 842 πορὴχηοιε
382 769 411 826 in
426 769 593 844 posteriore.
635 767 718 827 Idem
735 769 812 826 cadit
829 767 915 826 etiam
934 768 963 825 in
984 768 1093 827 alites.
1136 768 1167 827 Si
1180 768 1270 827 totius

123 863 186 922 loci
207 867 379 924 sententiam
397 867 574 942 respicimus³
596 866 710 924 uidetur
724 865 854 924 Catullus
870 864 928 924 hoc
948 865 1125 942 significare;
1148 865 1269 924 ‘Thalle

124 963 201 1039 ‘qui
221 963 407 1024 mollissimus
428 983 461 1024 es
483 975 569 1041 atque
586 964 663 1024 idem
684 965 888 1041 rapacissimus
908 965 933 1022 si
952 964 1025 1023 iorte
1042 965 1139 1040 aliqua
1159 965 1270 1024 occasi-

113 1066 133 1142 .‘
149 1078 240 1120 onem
262 1073 363 1122 nactus
377 1081 409 1122 es
430 1063 551 1134 furandi,
574 1083 626 1140 per
649 1062 864 1139 neglegentiam
882 1081 984 1121 eorum
1008 1063 1182 1140 quibuscum
1203 1080 1269 1122 uer·

123 1159 234 1218 ‘saris'
254 1161 301 1220 uel
320 1162 344 1220 si
363 1161 466 1238 legitur
488 1160 647 1222 offendet
669 1161 799 1234 ‘Thalle
814 1160 864 1237 qui
877 1161 1063 1220 mollissimus
1083 1179 1115 1220 es
1133 1161 1268 1238 idemque

124 1259 371 1334 ‘rapacissimus;
399 1260 512 1319 remitte
534 1260 605 1318 mihi
627 1278 703 1337 quae
725 1278 793 1318 mea
817 1269 885 1318 sunt
908 1260 934 1318 si
958 1259 1144 1318 occasionem
1166 1268 1269 1318 nactus

124 1354 215 1415 fueris
229 1357 337 1434 aliquid
350 1375 386 1416 ex
400 1358 463 1418 aliis
478 1357 591 1417 furandi
601 1358 625 1417 ?'
655 1357 742 1417 Vnde
760 1358 784 1416 si
804 1358 841 1417 de
855 1357 958 1417 auibus
976 1357 1048 1416 dixit
1062 1355 1192 1416 Catullus
1211 1357 1269 1416 hoc

124 1453 202 1526 loco,
216 1454 296 1526 dixit,
310 1466 343 1515 ut
359 1457 481 1528 uidetur,
496 1475 548 1534 per
567 1456 777 1533 metaphoram,
795 1465 844 1515 aut
863 1457 888 1514 si
909 1474 978 1515 aues
996 1458 1123 1533 respexit
1141 1467 1174 1516 ut
1192 1475 1268 1534 quae

124 1554 245 1628 signum
273 1553 374 1614 darent
401 1555 554 1631 procellae,
576 1555 652 1614 hanc
680 1555 922 1629 significationem
947 1573 1015 1614 cum
1039 1556 1087 1614 illa
1108 1555 1267 1615 coniunxit.

124 1651 192 1710 Iam
214 1655 361 1729 quaerenti
382 1653 419 1712 de
438 1671 566 1729 quanam
584 1671 638 1712 aue
657 1653 718 1712 iure
737 1653 871 1712 oscitutio
890 1653 937 1712 illa
958 1652 1013 1711 diei
1036 1655 1168 1730 potuerit
1187 1654 1268 1713 uenit

124 1752 157 1809 in
177 1761 307 1811 mentem
325 1753 425 1822 κέπφοι
446 1753 493 1811 ille
511 1750 742 1828 Aristophaneus
761 1751 812 1828 qui
830 1752 928 1810 auium
946 1751 1130 1811 stultissimus
1152 1752 1267 1811 habitus

123 1861 179 1909 est.

167 1982 314 2059 Aristoph.
332 1961 397 2042 'Pax
416 1986 490 2058 1067
513 1959 553 2039 καί
577 1985 672 2053 κε’πφοι
692 1983 821 2056 τρήρωνες
843 1983 1031 2040 α’λιιπεκιδεῦσι
1050 1983 1175 2038 πόπεισθε
1195 1981 1224 2040 h.
1239 2001 1264 2041 e.

124 2081 311 2141 snrltissimae
331 2083 491 2158 palumbes.
533 2081 578 2138 ibi
599 2079 759 2140 Scholiasta
779 2083 884 2153 κέπφοι·
905 2082 993 2151 εὔηθες
1007 2084 1100 2149 (dono
1118 2081 1218 2154 ninom
1235 2080 1267 2135 ιδ

122 2183 248 2251 με’μνηται
262 2183 302 2236 καί
316 2183 457 2254 Νίκανδρος
472 2178 618 2256 (Alexiph.
637 2181 706 2253 170)
721 2177 876 2253 καλἏροτος
888 2182 948 2253 περὶ
961 2185 1013 2235 τῶν
1026 2181 1167 2251 διοσημιῶν
1179 2182 1266 2237 διαλε-

122 2283 241 2350 γόμενος,
257 2275 343 2357 (184)
357 2283 398 2335 καὶ
412 2281 580 2350 Καλλίμαχοι
598 2280 625 2333 ίν
641 2282 696 2336 τοῖς
712 2279 824 2347 ίιίμβοις·
844 2279 873 2333 εἰι
892 2279 921 2334 di
939 2281 985 2348 τῆς
1003 2279 1140 2349 θαλάσσης
1157 2281 1202 2348 ῶν
1219 2281 1266 2334 οδ·

122 2379 172 2431 τόν
185 2379 318 2450 λέγουσιν,
332 2378 454 2434 ε’σθίοντα
466 2379 511 2433 τόν
524 2377 616 2450 α’φρόν.
659 2373 731 2432 nim
747 2377 776 2432 dd
795 2378 874 2432 οόπδν
886 2377 971 2432 πολὺν
982 2378 1030 2448 μὲν
1044 2379 1071 2431 ἐν
1085 2381 1139 2435 τοῖς
1151 2382 1265 2451 πτεροῖς,

124 2473 217 2548 όλιγὸν
230 2477 259 2531 dr*
277 2477 305 2532 ε’ν
322 2480 376 2534 τοῖς
393 2474 492 2549 κρίασι,
510 2478 551 2530 καὶ
571 2478 718 2549 κεκραγέναι
733 2473 866 2532 ὦδίνοντα·
887 2475 948 2531 ὅθεν
966 2477 1087 2548 γενέσθαι
1107 2477 1154 2546 τὴν
1172 2500 1265 2550 παραι-

122 2575 186 2644 μίσν
199 2577 317 2647 ’κε’πφος
330 2572 425 2630 ῶδίνει’
445 2575 488 2630 ε’πὶ
505 2579 557 2629 τῶν
569 2574 800 2647 ἐπαγγελλομένων
817 2575 865 2645 μὶν
876 2575 985 2646 μεγόλο,
998 2576 1078 2644 μηδὲν
1091 2576 1120 2630 δὲ
1133 2575 1206 2648 όξιον
1219 2579 1265 2646 τῆς

123 2673 281 2746 ἐπαγγελίαι
300 2671 448 2729 ποιούντων.
486 2670 564 2730 Plut
580 2689 638 2746 912
663 2671 683 2726 δι
704 2670 796 2743 κε’πφε,
816 2672 866 2729 ubi
888 2670 1065 2730 Scholiastae
1089 2672 1178 2746 όρνεον
1201 2673 1266 2748 ὅπερ

117 2774 203 2844 Ιφιλεῖ
214 2771 302 2844 όφρδν
312 2771 449 2826 θαλάττιον
462 2771 567 2826 ίσθίειν·
586 2770 627 2826 καί
637 2771 661 2824 ol
674 2769 763 2826 παῖδες
771 2774 825 2824 τῶν
833 2769 927 2824 όλιὲειν
936 2771 1112 2839 λαμβάνοντες
1124 2773 1171 2826 τδν
1179 2771 1267 2844 εἰφρδν

118 2870 249 2943 ’ῥίπτουσι
261 2871 293 2925 τδ
305 2873 410 2942 πρῶτον
422 2868 554 2942 πόρῤειθεν
567 2865 621 2925 είτα
635 2867 761 2942 ε’γγότατα
778 2864 835 2924 είτα
853 2869 890 2926 είς
909 2870 955 2939 τὴν
972 2872 1048 2943 χεῖρα
1063 2871 1110 2924 τόν
1122 2855 1209 2943 α’φρδν
1224 2873 1267 2927 καλ

123 2966 206 3025 οὕτως
226 2969 336 3040 εὐχερῶς
354 2966 493 3040 α’γρεόονσι
513 2969 554 3023 καλ
572 2968 614 3023 ε’πί
633 2973 685 3024 τῶν
698 2967 848 3040 α’λογίστιιν
860 2967 960 3040 ἀνδρῶν
973 2973 1051 3023 τοῦτο
1064 2968 1102 3025 εἷς
1117 2969 1265 3040 παροιμίαν.

117 3065 233 3123 Ἄλλως.
254 3067 345 3136 όνόητε
362 3067 452 3136 κοῦφε.
488 3065 509 3120 ds
522 3067 567 3121 τόν
581 3068 641 3120 ναῶν
653 3067 772 3138 μετέωρε·
794 3055 863 3138 όρνις
881 3067 933 3139 γδρ
951 3067 1088 3122 θαλάττιος
1106 3068 1137 3121 τό
1155 3068 1263 3139 κίπφος,

121 3167 285 3236 κουφότατον
299 3164 405 3236 σφόδρα
418 3167 455 3239 τῷ
467 3163 544 3239 ἆφρῷ
557 3164 757 3236 διατρεφόμενον
770 3164 813 3218 διδ
826 3167 871 3234 τῆς
884 3165 1012 3234 θαλάττης
1029 3165 1071 3219 καί
1087 3166 1155 3220 πάνυ
1173 3163 1266 3236 όλίγαν

98 3243 186 3335 ιἲχον
212 3263 349 3335 σορκῶδες.
386 3261 501 3319 Ἀλλος·
530 3261 551 3317 d
575 3263 742 3317 εὔτελόστατε
768 3263 809 3316 καί
830 3262 904 3316 λα’λε·
936 3263 1005 3334 φασὶ
1024 3262 1075 3333 γδρ
1096 3263 1142 3315 τόν
1162 3263 1265 3333 κίπφον

121 3362 212 3430 εὐτελῆ
234 3361 275 3414 καί
294 3363 383 3416 λάλον.
419 3358 533 3416 Ἀλλαι.
555 3359 757 3414 ῶείιτελίστατε
778 3361 820 3413 καὶ
839 3361 915 3413 tete·
936 3359 1006 3430 φοσλ
1026 3359 1076 3430 γαρ
1097 3359 1143 3412 τὸν
1162 3361 1263 3430 κέπφον

120 3458 309 3514 εὔτελόστοτον
331 3459 372 3512 καὶ
394 3459 485 3514 λα’λαν.
520 3457 608 3529 όρνεαν
627 3457 679 3530 γδρ
705 3457 800 3529 όφρον,
829 3457 892 3528 ὅπερ
919 3459 999 3527 φιλεῖι
1016 3455 1101 3528 ἀφρόν
1123 3457 1263 3510 θαλάττιον

120 3554 227 3613 ίσθίειν.
257 3559 336 3611 τοῦτο
357 3558 514 3626 βουλόμενοι
537 3557 562 3610 ol
586 3560 637 3609 τῶν
658 3555 752 3610 ἁλιέων
772 3556 862 3611 παῖδες
882 3555 1070 3627 χειρῶσασθαι,
1087 3551 1212 3627 ῥίπτουσι
1231 3556 1263 3608 τό

119 3661 225 3729 πρῶτον
237 3654 370 3728 πόρῤαιθεν
389 3654 482 3727 όφρδν,
501 3649 556 3709 είτο
576 3651 712 3727 ἐγγύτατα,
733 3649 788 3709 είτα
808 3654 921 3726 φίρονσι
940 3657 1018 3708 τοῦτο
1037 3655 1065 3708 ίν
1084 3656 1139 3710 ταῖς
1158 3653 1262 3724 χερσίν,

119 3757 162 3810 καί
183 3751 250 3809 οὕτω
268 3754 333 3809 sord
354 3755 445 3826 μικρόν
464 3753 611 3810 ἀπατῶντες
630 3751 741 3824 εὐχερῶς
760 3749 900 3826 ἆγρεόονσι
921 3755 999 3806 τοῦτο
1020 3751 1135 3822 ε’μπεσόν
1157 3751 1194 3808 είς
1216 3751 1263 3808 πῶς

118 3855 209 3926 χεῖρας
222 3852 311 3908 οότῶν.
337 3849 457 3922 εἴληπται
475 3845 516 3906 οἷν
529 3850 566 3907 είς
577 3849 715 3924 παροιμίαν
728 3849 771 3906 lut
787 3854 839 3904 τῶν
853 3847 1002 3923 όλογίστειν
1015 3850 1115 3923 ἀνδρῶν
1128 3852 1169 3906 καὶ
1186 3849 1263 3921 deoq-

24 3981 28 3992 ·
119 3973 180 4007 πειν.
201 3950 358 4006 καλεῖται-δι’
371 3953 461 4007 κοινῶς
474 3951 562 4022 λάρος.

160 4143 243 4201 Atat.
258 4139 341 4201 Dios.
361 4143 426 4212 184,
442 4155 459 4213 5

324 4285 373 4338 Kal
385 4285 449 4338 ardre
464 4285 504 4337 καλ
517 4281 619 4355 κε’πφοι,
634 4283 706 4338 ὁπότ’
720 4284 800 4338 εὔδιοι
813 4282 964 4352 ποτέονται,

321 4381 408 4437 Ἀντία
421 4382 571 4452 μελλόντων
584 4379 682 4453 ἀνίμων
696 4381 783 4450 είληδδ
798 4382 930 4453 φίρονται.

672 4517 716 4560 SS
