3142 5059
480 382 708 445 CARMINVM
733 384 923 446 CATVLLI.
1214 390 1272 445 223

113 571 210 627 κοινά.
253 570 325 625 Κατὰ
345 569 438 641 στίχον
457 571 505 640 μέν
526 569 579 625 ὅσα
601 570 652 627 ὑπὸ
678 574 726 626 τοῦ
748 572 828 626 αὐτοῦ
851 571 946 643 μάρου
967 572 1168 644 καταμιτρεῖται,
1186 572 1220 631 ύς
1241 575 1274 628 τὰ

112 667 246 739 Ὀμήρου
255 669 297 725 καλ
309 668 403 723 eleon
411 668 540 724 έποποιύν
549 670 607 737 ἔπη·
620 673 830 741 καταχρηστικῶς
843 670 872 725 δὲ
885 665 932 725 κάν
942 668 993 725 ὑπὸ
1007 671 1093 725 κύλου
1107 669 1274 743 ἣκομματίου

115 767 160 823 εὀς
175 768 417 838 τύἸίαλλιμάχειον
429 770 508 831 τοῦτο
519 768 677 837 ποιημάτων.

536 883 552 953 r'y
565 886 625 940 παῖς
638 882 654 952 ἡ
668 884 853 941 κατάκλειστος

534 981 581 1050 τὴν
594 983 619 1035 οί
632 982 702 1054 φασλ
714 983 831 1039 τεκθντις

115 1087 330 1167 καταμετριῖται
348 1097 400 1169 γὰρ
421 1096 473 1152 tet
499 1098 629 1168 κόμματος
655 1097 868 1169 άντισπαστικού,
897 1100 1054 1168 καλουμένου
1081 1098 1271 1172 Φιρεκρατείου.

116 1194 311 1262 Συστηματικδ
330 1193 359 1248 δέ
378 1192 430 1249 ὅσα
449 1194 499 1249 ύπδ
516 1197 643 1251 πλειόνων
654 1194 754 1268 μέτρων
767 1197 805 1253 είς
823 1194 851 1251 δν
867 1201 942 1266 σῶμα
960 1198 1183 1270 παραληφθέντων
1196 1218 1272 1252 κατα-

116 1292 259 1363 μιτρεῖται
272 1290 287 1360 ἢ
302 1294 505 1363 ουμπληρούται.
550 1294 633 1348 biteris
651 1294 681 1349 δὲ
696 1293 747 1349 ὅσα
763 1294 842 1367 μέρος
854 1297 902 1364 μέν
914 1317 941 1349 τι
954 1296 1009 1366 ἔχει
1022 1295 1073 1351 ύπδ
1087 1295 1182 1366 στίχου
1196 1316 1272 1350 κατα-

117 1385 311 1461 μετρούμενυν,
333 1389 411 1461 μέρος
435 1391 464 1446 δι’
486 1392 689 1461 συστηματικύν.
731 1394 811 1447 Καινά
835 1392 864 1448 δέ
886 1391 938 1448 ὅσα
959 1393 1010 1447 ύττδ
1034 1392 1202 1463 συστήματος
1224 1395 1272 1465 μέν

118 1489 330 1559 tummim,
351 1489 414 1543 αύτδ
438 1489 467 1544 δὲ
487 1490 519 1545 τὸ
543 1487 666 1560 σύστημα
691 1490 747 1562 ἔχει
772 1488 961 1563 πληρούμενον,
983 1487 1025 1546 οἶα
1045 1492 1104 1547 ε’στι
1127 1491 1160 1547 τά
1183 1491 1212 1547 έν
1234 1498 1272 1567 τῷ

118 1585 239 1661 δευτέρην
252 1586 293 1641 καί
310 1584 389 1662 τρίτην
403 1589 534 1658 Σαπφοῦς,
549 1588 577 1642 ἒν
593 1584 631 1645 οἶς
645 1592 835 1660 καταμετρεῖται
853 1590 900 1660 μέν
914 1589 965 1643 ύπδ
981 1589 1120 1661 διστιχίοτ,
1133 1589 1196 1659 αὕτη
1212 1590 1241 1644 δὲ
1255 1590 1271 1659 ἦ

118 1680 244 1754 διοπιχίο
265 1685 340 1755 ὁμοία
354 1685 420 1742 ἐστι’.
461 1683 508 1742 Ex
524 1684 570 1744 his
583 1695 703 1762 apparet
716 1685 968 1761 Hephaestionem
987 1694 1143 1761 systemata
1161 1686 1192 1743 in
1208 1702 1270 1745 ear·

120 1779 255 1839 minibus
273 1784 337 1837 ιοτὰ
353 1783 447 1854 στίχον
461 1784 639 1859 compositis,
653 1784 750 1862 qualia
763 1782 868 1843 Catulli
883 1791 950 1843 sunt
964 1782 1024 1841 lere
1038 1782 1145 1853 omnia,
1160 1782 1190 1841 in
1207 1784 1270 1842 uni-

119 1896 245 1936 uersum
266 1897 327 1938 non
341 1880 491 1955 posuisse3
523 1882 656 1957 quamuis
683 1892 781 1941 essent
808 1890 945 1959 poemata
967 1881 1018 1939 ubi
1041 1898 1109 1940 curn
1137 1881 1270 1940 uersibus

120 1978 191 2032 κατὰ
205 1980 299 2050 οπίχοο
313 1979 519 2039 alternarentur
538 1980 712 2058 systematici
731 1976 843 2060 (μικτὰ),
858 1989 955 2041 essent
973 1980 1061 2039 etiam
1080 1979 1130 2039 ubi
1144 1980 1194 2057 qui
1208 1980 1270 2040 aliis

121 2078 192 2132 κατὰ
226 2079 320 2150 στίχον
353 2078 446 2149 diuisi,
475 2079 536 2139 aliis
571 2082 634 2136 κατὰ
667 2081 791 2151 σύστημα
822 2080 987 2141 uiderentur
1021 2075 1131 2159 (κοινά).
1186 2078 1270 2137 Idem

122 2183 226 2233 tamen
247 2175 276 2233 in
297 2175 387 2236 altero
407 2176 482 2237 libro
495 2195 584 2254 quem
601 2181 661 2252 περὶ
676 2178 817 2251 ποιήματος
831 2179 945 2255 scripsit
957 2177 1127 2256 pleniorem,
1142 2186 1270 2254 systema

122 2270 212 2332 latius
230 2274 272 2333 sic
291 2272 397 2334 definit
414 2274 429 2351 φ
448 2294 503 2351 119
523 2274 646 2348 σύστημα
666 2278 725 2333 ε’στι
741 2275 841 2350 μέτρων
858 2277 1005 2349 συναγωγὴ,
1020 2280 1076 2347 ἤτοι
1090 2275 1137 2333 δύο
1150 2276 1166 2347 ἣ
1179 2280 1269 2333 πλειό-

122 2394 185 2441 νων,
200 2370 215 2443 ἢ
229 2372 352 2445 θμοίωνῆ
368 2375 503 2447 άνομοίων·
522 2376 649 2447 ἀνομοίαν
668 2375 724 2447 μέν,
739 2377 773 2433 εἰς
794 2376 828 2431 τὰ
848 2376 959 2449 ε’λεγεῖα,
981 2375 1121 2447 ἑξαμέτρου
1140 2377 1191 2449 γάρ
1212 2376 1270 2432 ε’στε

122 2472 192 2542 πρὸς
212 2473 386 2546 πεντάμετρον
407 2474 524 2530 κοινωνία
544 2476 585 2530 καί
605 2476 631 2530 ol
646 2474 750 2550 έπγδοί·
771 2475 803 2529 τὸ
824 2475 853 2529 δέ
873 2474 904 2545 έξ
925 2470 1028 2545 ὁμοίων,
1043 2473 1077 2531 ὣς
1097 2473 1129 2528 τὸ
1151 2472 1270 2547 δεύτερον

123 2573 258 2644 Σαπφοῦς,
279 2572 313 2629 be
331 2574 465 2645 προῑόπει
485 2574 609 2645 δείξομεν.
651 2571 742 2645 Quod
756 2572 798 2631 sic
811 2571 906 2648 pergit
919 2570 1023 2631 lacere.
1039 2569 1054 2646 ᾗ
1072 2588 1129 2629 rao
1150 2573 1222 2627 κοινὰ
1240 2573 1269 2628 δὲ

123 2670 214 2742 γενικά
232 2670 299 2742 άπερ
319 2671 465 2726 καίύκατά
485 2672 579 2744 στίχον
595 2672 743 2746 γεγράφθω
761 2672 873 2744 φάσκων
891 2672 969 2746 ύγιῶς
987 2669 1106 2745 δνλέγοι
1124 2672 1165 2726 καλ
1178 2673 1193 2726 ύ
1207 2672 1270 2727 κατὰ

125 2767 257 2839 σύστημα,
272 2770 306 2826 ὣς
319 2770 350 2823 τὸ
363 2768 485 2842 δςύτιρον
497 2772 538 2827 καί
551 2770 640 2843 τρίτον
652 2774 782 2842 Σαπφοῦς.
825 2771 874 2826 Asi
886 2771 934 2840 μέν
949 2771 1001 2843 γὰρ
1016 2770 1048 2825 τδ
1061 2771 1089 2825 ἒν
1102 2772 1157 2826 τοῖο
1173 2772 1268 2825 παλαι-

125 2869 166 2924 οῖς
177 2866 345 2939 άντιγράφοια
358 2869 422 2922 κατὰ
438 2866 486 2922 δύο
504 2869 567 2941 ipim
579 2870 826 2941 παραγεγραμμένον
839 2867 949 2924 ἕκαστον
966 2864 1037 2940 ᾆσμα
1057 2870 1098 2923 καὶ
1118 2869 1157 2924 ἔτι
1177 2869 1219 2924 διδ
1238 2869 1270 2924 τδ

126 2965 205 3036 μηδὲν
225 2962 390 3037 εὑρίσκεσθαι
409 2966 519 3039 άριθμαῦ
537 2971 669 3039 περιττοῦ,
685 2969 750 3022 κατὰ
769 2966 924 3038 συστήματα
944 2967 1079 3038 νομίζομεν
1096 2968 1161 3023 αύτὰ
1176 2968 1269 3041 γεγρά-

127 3064 201 3135 φθαι·
222 3064 301 3118 παλιν
321 3065 350 3120 δέ
372 3066 409 3139 τᾷ
429 3063 518 3134 ὅμοιον
538 3066 659 3138 ἑκάτερον
680 3060 744 3120 ιίναι
767 3070 819 3119 τῶν
842 3066 871 3121 έν
892 3068 924 3133 τῇ
949 3065 1023 3120 δυάδι
1046 3064 1147 3137 στίχων
1169 3066 1210 3121 καί
1232 3068 1269 3141 τῷ

127 3160 253 3217 δύνασθαι
273 3162 319 3232 τὴν
339 3162 473 3236 ποιητρίαν
494 3164 559 3218 κατὰ
578 3162 661 3234 τύχην
681 3164 739 3218 τινὰ
758 3163 849 3236 άρτίου
871 3163 954 3219 πάντα
977 3162 1085 3234 ἀριθμοῦ
1105 3162 1269 3232 πεποιηκέναι

127 3259 192 3331 φοιὴ
211 3282 251 3317 rm
270 3258 302 3315 ἂν
322 3262 386 3315 ποτὰ
402 3262 497 3333 στίχον
516 3262 580 3317 οὐτὸ
596 3262 751 3336 γεγράφθαι.
793 3258 863 3319 Erat
881 3259 967 3335 igitur
986 3258 1037 3317 ubi
1056 3276 1117 3316 non
1135 3276 1171 3317 ex
1186 3259 1268 3319 dissi·

129 3356 241 3417 mihbus
261 3365 383 3429 tantum,
400 3368 432 3418 ut
450 3358 585 3435 elegiacis
605 3358 774 3436 epodlsque,
796 3358 849 3417 sed
870 3358 956 3415 etiam
977 3374 1014 3414 ex
1034 3354 1175 3416 similibus
1196 3374 1267 3416 con-

129 3465 235 3514 starent
248 3466 412 3532 systemata.
454 3452 532 3516 Nam
552 3458 584 3514 in
601 3456 732 3516 secundo
749 3456 823 3514 libro
839 3453 982 3531 Sapphus,
1004 3453 1054 3529 qui
1075 3462 1154 3511 totus
1173 3478 1267 3511 πεντα-

129 3553 228 3625 μέτροις
255 3556 636 3627 τεσσαρεσκαιδεκασυλλάβοιτ
666 3553 846 3629 compositus
877 3561 929 3621 est,
954 3550 1098 3631 (Encheir.
1121 3552 1191 3623 §46
1206 3547 1267 3630 W.)

130 3650 175 3710 alii
196 3660 350 3727 systemata
373 3670 435 3709 non
459 3652 616 3730 ponebant,
637 3652 684 3711 alii
708 3652 822 3728 etipse
845 3648 1026 3727 Hephaestio
1051 3666 1118 3709 cum
1143 3651 1267 3729 antiquis

130 3748 338 3826 exemplaribus
366 3768 467 3809 uersus
494 3754 557 3807 κατὰ
579 3751 634 3822 δύο,
662 3768 723 3809 non
750 3767 812 3809 uno
839 3760 948 3819 tenore,
977 3749 1099 3825 scriptos
1126 3750 1267 3823 uiderent,

130 3858 281 3925 systemata
314 3846 458 3908 faciebant
492 3850 627 3909 binorum
659 3868 806 3909 uersuum.
863 3846 1024 3926 Loqulmur
1065 3849 1101 3908 de
1138 3850 1268 3909 secundo

130 3950 199 4007 libro
222 3947 366 4025 Sapphus,
387 3948 539 4007 sedidem
566 3949 597 4006 in
620 3949 735 4008 tertium
762 3966 881 4027 quoque
902 3948 1006 4008 cadere
1027 3966 1064 4007 ex
1086 3946 1100 4022 5
1127 3966 1192 4020 114,
1211 3967 1268 4008 rao

132 4046 297 4123 inteligitur,
318 4046 366 4106 hic
390 4057 487 4107 autern
511 4056 588 4106 totus
611 4049 764 4107 constabat
785 4066 822 4106 ex
846 4047 1017 4106 tetrametris
1041 4044 1268 4119 choriambicis¹,

132 4144 225 4221 quales
252 4154 320 4205 sunt
348 4144 471 4220 Νύμφαις
492 4150 547 4204 ταῖς
570 4148 631 4204 Διὸς
655 4148 686 4219 ie
704 4148 813 4222 ιιίγιύχω
833 4148 903 4220 φάσι
924 4144 1095 4219 τεταγμέναις,
1116 4142 1220 4204 Catulli
1241 4164 1267 4205 e.

163 4313 169 4341 ¹
184 4314 305 4376 Hephaest.
318 4319 330 4375 ᾗ
340 4313 373 4363 66
384 4316 422 4364 W.
433 4314 463 4365 τλ
474 4312 500 4365 δλ
511 4314 679 4375 άκατάληκτον
690 4316 896 4381 (anormala)
907 4315 1016 4367 καλεῖταί
1027 4312 1150 4377 Σαεφικδν
1161 4315 1266 4365 ἑκκαιδε-

132 4394 285 4452 κασίλλαβον
309 4394 368 4458 §ab
383 4398 466 4460 τρίτον
482 4397 540 4448 δλον
554 4398 665 4462 assoon
680 4398 824 4463 γέγραπται,
836 4399 918 4449 πολλὰ
933 4396 958 4448 bl
976 4398 1016 4449 καί
1031 4398 1145 4447 Ἀλκαίου
1161 4394 1264 4461 ᾅσματα,

133 4478 429 4541 Nineue-sermnem.
