3142 5059
289 403 337 461 nv
391 380 396 389 “
680 401 1042 463 rnorsoorusun.

289 604 335 664 uel
357 600 558 674 amanuensis;
580 601 604 659 si
624 601 664 660 ad
685 618 863 677 cognomen,
885 620 961 679 quae
981 612 1014 661 ut
1034 600 1179 677 Lessingii
1200 602 1239 659 ita
1259 600 1360 677 opinio
1379 598 1435 657 luit

290 701 427 777 Scaligeri
447 710 476 759 et
489 699 651 757 Beniamini
666 700 778 771 Iowett‚
793 700 966 760 Franciscus
985 701 1023 761 de
1043 700 1170 760 Calamis
1191 700 1313 759 fortasse
1333 698 1435 775 appel·

288 802 363 859 latus
378 809 430 858 est.
472 798 508 857 ln
523 816 550 857 u.
567 817 585 870 4
600 799 732 857 nonnulli
747 800 865 859 codices
881 800 991 859 habent
1007 818 1127 871 cursum,
1141 817 1204 857 non
1222 797 1337 867 Turbae,
1352 796 1435 872 quod

290 900 396 959 Naekii
415 898 522 958 iudicio
540 898 577 957 de
596 915 634 958 eo
653 900 763 971 dicitur,
779 900 829 976 qui
848 909 931 959 notat
949 900 1003 959 iter
1016 900 1224 977 praetereuntis
1238 896 1364 957 Cursum
1378 894 1437 975 (the

293 995 402 1077 Cerco).
448 996 557 1055 Turbae
574 998 650 1055 bene
668 998 863 1074 interpreteris
876 998 914 1056 de
927 1016 965 1057 co
979 999 1029 1073 qui
1041 998 1090 1056 uel
1104 997 1142 1055 ad
1156 1006 1271 1073 portam
1289 995 1368 1054 urbis
1386 994 1436 1052 uel

290 1100 320 1157 in
335 1106 425 1174 ponte
440 1096 603 1155 consistens
617 1095 674 1155 huc
688 1096 754 1155 illuc
769 1106 985 1172 praetereuntes
998 1106 1088 1155 notat.
1130 1094 1167 1153 In
1180 1114 1208 1153 u.
1221 1097 1239 1152 6
1250 1095 1363 1165 modales,
1378 1094 1436 1151 sub

290 1216 350 1275 quo
372 1197 476 1258 Catulli
497 1197 596 1256 clausa
620 1216 747 1273 papyrus
769 1207 839 1268 erat,
862 1196 1014 1256 manifeste
1036 1198 1191 1256 translatus
1212 1208 1257 1255 est
1278 1195 1315 1256 de
1336 1195 1436 1255 Lucae

290 1297 387 1355 uerbis
405 1295 458 1354 XI.
475 1314 512 1370 33
535 1293 659 1374 (Haupt.
676 1294 798 1367 Quaest.
817 1314 847 1372 p.
862 1292 919 1373 8¹),
939 1313 1107 1373 quanquam
1127 1296 1158 1352 in
1180 1306 1239 1353 tarn
1259 1296 1440 1368 ώιγματωδεῖ

291 1395 419 1454 carmine
440 1411 502 1477 npn
522 1395 599 1453 adeo
618 1406 697 1454 certa
715 1404 759 1453 est
778 1395 921 1454 sententia
939 1402 971 1453 ut
989 1412 1051 1453 non
1064 1412 1134 1453 uere
1149 1395 1204 1453 sub
1217 1394 1323 1452 horreo
1337 1392 1436 1469 aliquo

290 1494 362 1552 liber
375 1493 492 1569 reperiri
507 1491 641 1569 potuerit.

331 1590 428 1648 Venio
457 1590 495 1649 ad
521 1607 623 1649 uersus
651 1589 777 1666 primum
805 1590 1004 1667 alterumque:
1032 1606 1108 1665 quos
1133 1587 1263 1648 Naeltius
1287 1586 1436 1664 Hauptius

292 1688 460 1748 Schwabius
482 1689 523 1747 sic
544 1689 782 1765 interpretantur:
806 1686 874 1747 ‘Ad
887 1687 1037 1747 Veronam
1054 1688 1176 1764 patriam
1194 1688 1283 1746 redeo
1298 1685 1437 1766 (loquitur

292 1785 421 1846 ‘Catulli
441 1783 524 1863 liber)
546 1788 642 1863 longis
662 1787 699 1846 de
720 1786 827 1846 finibus
847 1788 898 1845 ubi
918 1788 985 1846 exul
1006 1786 1055 1859 fui,
1075 1785 1138 1845 lie.
1154 1788 1192 1845 ab
1211 1786 1325 1859 inferis;
1347 1804 1437 1845 causa

293 1886 424 1945 ‘reditus
446 1896 652 1945 conterraneus
673 1885 733 1955 luit,
752 1885 780 1944 h.
793 1904 818 1945 e.
833 1884 1030 1944 Veronensis’
1073 1883 1189 1956 Quibus
1209 1885 1306 1943 uerbis
1326 1885 1437 1960 signifi·

292 1994 374 2042 catur
401 1982 507 2042 Catulli
535 1983 606 2042 liber
633 1992 791 2061 postquam
823 1984 873 2042 diu
899 1983 1035 2043 Veronae
1066 1982 1197 2042 laesisset
1227 2002 1245 2041 a
1272 1981 1438 2042 Veronensi

291 2083 396 2142 iterum
410 2082 440 2139 in
461 2082 557 2140 lucem
579 2091 741 2158 protractus
762 2080 859 2140 fuisse.
901 2080 948 2139 De
961 2099 1049 2140 uersu
1065 2098 1080 2137 a
1097 2090 1175 2139 recte
1194 2080 1320 2139 iudicare
1333 2080 1437 2139 uiden·

291 2190 354 2253 tur;
376 2198 437 2239 non
457 2180 527 2238 item
549 2181 585 2239 de
606 2180 709 2256 primo.
751 2178 823 2239 Non
844 2180 923 2238 enim
942 2178 985 2236 ad
997 2181 1122 2254 patriam
1142 2180 1236 2236 wmie
1255 2197 1351 2256 neque
1368 2179 1442 2237 exal

292 2280 385 2339 dictus
402 2289 479 2339 esset
492 2280 542 2356 qui
561 2290 637 2337 esset
655 2279 685 2337 in
703 2279 803 2356 patria,
818 2289 895 2338 certe
916 2279 1016 2337 addito
1036 2280 1127 2354 longis
1147 2279 1178 2336 de
1190 2277 1323 2353 fine'bus,·
1344 2279 1392 2337 uel
1405 2288 1439 2337 ut

291 2379 338 2439 alii
359 2378 475 2437 codices
495 2378 605 2437 habent
625 2380 715 2455 lorgii·
735 2380 886 2437 erroribus.
928 2378 1052 2450 Deinde,
1067 2378 1148 2455 quod
1167 2376 1335 2436 Schwabius
1354 2388 1438 2437 autu·

292 2488 361 2549 mat,
375 2478 479 2537 librum
494 2479 543 2555 qui
558 2478 674 2537 saeculo
689 2477 717 2536 X
731 2497 769 2536 ex
782 2477 974 2537 bibliothecae
988 2478 1104 2555 capituli
1118 2477 1297 2537 Veronensis
1312 2479 1438 2537 tenebris

292 2586 454 2655 protractus
473 2586 550 2635 esset
568 2574 748 2647 aRatherio,
763 2594 833 2635 mox
853 2587 950 2635 autem
969 2577 1068 2636 denuo
1085 2576 1116 2635 in
1135 2578 1269 2635 tenebras
1289 2577 1439 2636 recidisset

292 2683 323 2732 et
336 2691 388 2749 per
402 2682 546 2731 trecentos
565 2673 689 2749 amplius
710 2691 805 2732 annos
819 2674 956 2733 Veronae
976 2674 1086 2733 nemini
1100 2684 1188 2733 notus
1201 2674 1343 2745 iacuisset,
1357 2674 1438 2736 hunc

293 2770 420 2829 eundem
433 2771 538 2829 librum
551 2772 669 2830 ineunte
683 2771 800 2830 saeculo
814 2771 888 2829 XlV
903 2790 920 2830 a
934 2772 1097 2832 Veronensi
1111 2774 1175 2832 ciue
1188 2792 1287 2833 rursus
1300 2773 1438 2833 Veronae

293 2878 440 2946 repertum
464 2886 536 2940 esse,
559 2870 631 2929 haec
655 2870 789 2946 cupidius
810 2871 881 2928 mihi
903 2872 1017 2931 uidetur
1040 2872 1155 2931 dixisse.
1198 2871 1276 2931 Nam
1297 2881 1330 2931 ut
1351 2884 1440 2933 antea

294 2968 353 3027 dixi
368 2986 464 3045 neque
478 2968 557 3027 unde
572 2967 717 3027 Catullum
731 2970 904 3045 protraxerit
915 2970 1069 3030 Ratherius
1083 2971 1191 3029 scimus
1201 2987 1297 3047 neque
1309 2970 1359 3029 ubi
1369 2988 1438 3028 eum

293 3065 456 3142 reliquerit;
485 3084 539 3125 nec
561 3065 644 3125 facile
665 3066 836 3126 crediderim
857 3067 1045 3127 Veronenses
1068 3068 1156 3127 latere
1180 3069 1309 3145 potuisse
1333 3079 1440 3145 poetae

293 3165 399 3223 librum
421 3164 451 3223 in
471 3182 531 3242 quo
552 3174 703 3241 tantopere
725 3165 931 3240 gloriabantur,
952 3167 977 3225 si
1000 3167 1031 3224 in
1052 3166 1173 3225 Verona
1193 3167 1307 3225 relictus
1328 3166 1438 3226 luisset.

293 3262 370 3323 lllud
384 3263 480 3340 potius
495 3264 579 3337 dicit;
601 3282 632 3324 se
647 3266 684 3323 ab
698 3262 806 3323 ultimis
819 3266 899 3323 orbis
913 3265 1019 3325 finibus
1032 3264 1083 3324 ubi
1100 3266 1131 3323 in
1147 3266 1233 3324 exilio
1252 3265 1382 3324 latuisset
1400 3265 1440 3324 ad

328 3560 335 3590 ¹
352 3562 424 3611 Simili
441 3563 513 3609 modo
531 3562 626 3623 scriptor
642 3562 813 3627 epigrammatis
829 3563 913 3611 seruati
930 3565 955 3610 iu
971 3564 1049 3611 codice
1066 3578 1126 3612 saec.
1137 3563 1202 3620 x111,
1213 3564 1253 3625 qui
1264 3571 1299 3612 est
1310 3564 1340 3611 de
1351 3562 1439 3612 Trans·

294 3648 381 3696 latione
393 3646 501 3694 Thomas
513 3647 622 3709 Martyris
634 3648 704 3710 (Bibl.
716 3648 780 3696 Publ.
793 3648 861 3696 Cant.
873 3648 903 3696 D.
914 3649 937 3696 d.
948 3648 990 3695 xl.
1003 3647 1034 3711 78
1052 3648 1069 3697 l.
1082 3648 1133 3711 25).

551 3789 600 3836 Sub
612 3791 688 3839 modio
698 3790 785 3847 lumea,
796 3807 873 3838 seam
884 3791 925 3839 sat
936 3791 1002 3839 ctare
1012 3792 1126 3854 nepam

554 3872 1155 3935 Noumaltumprodestlumdumluceeinulto.

329 4024 391 4071 Beda
407 4023 431 4069 in
442 4022 496 4070 Vita
512 4023 535 4072 S.
546 4022 668 4072 Cuthberti
680 4022 745 4081 XXI,

826 4117 961 4181 populisque
971 4118 1077 4181 regendis

555 4198 703 4263 Proefieitor,
715 4200 792 4249 modio
803 4200 875 4249 lateat
885 4217 914 4249 ne
924 4211 982 4249 tecte
993 4201 1096 4250 luem

327 4330 426 4391 Scriptor
437 4330 585 4378 Ptaelationls
597 4330 728 4379 Chronicou
741 4332 875 4380 Monasterii
888 4333 916 4380 de
928 4332 1011 4388 Melta.
1023 4340 1029 4358 ⁸
1040 4334 1101 4381 Tum
1112 4334 1166 4397 puio
1180 4342 1213 4380 tot
1227 4343 1248 4382 et
1262 4333 1319 4381 rates
1333 4333 1443 4382 luem

295 4412 336 4459 sub
348 4414 423 4462 modio
434 4414 522 4461 lateam
532 4413 692 4462 absconditae!
