3142 5059
315 383 373 440 ³16
492 463 501 476 ⁶
776 379 989 439 EXCVRSVS

315 561 404 621 Deam
418 561 581 620 Lauernam
591 563 701 641 surum
717 561 848 622 Bellonae
861 563 1028 622 Dueordeas
1043 563 1152 622 Furias
1171 569 1200 622 ei
1215 565 1296 622 laeua
1316 564 1370 622 illa
1388 583 1454 639 quoe

314 662 477 720 constituito
491 663 604 720 emmim
619 663 818 720 taalurm'iaie‘s
830 663 937 721 nlntio
943 663 1166 738 praeteribimus.
1209 663 1287 722 Ante
1297 661 1455 739 Bergkium

315 759 458 836 leyserus
482 761 512 818 in
534 759 666 820 Censura
689 759 736 818 ed.
756 759 972 838 Doeringianae
994 761 1090 834 (labn.
1104 761 1183 820 Ann
1198 761 1334 836 XV.3·1)
1358 763 1455 820 diuam

316 857 482 918 Lamndem
496 859 697 937 interpretatus
712 869 764 930 est,
779 879 905 938 eumque
919 861 1084 937 nuperrime
1097 870 1214 920 secutus
1227 870 1272 919 est
1287 859 1457 919 Schwabbts

315 957 403 1016 allato
422 976 458 1018 ex
477 957 586 1018 Placidi
602 957 715 1018 Glossis
731 957 806 1032 (Mai
820 957 913 1018 Class
926 959 1012 1018 Aust.
1026 957 1083 1017 nt
1099 961 1171 1032 478)
1188 957 1360 1016 Mundam
1376 977 1459 1035 quan

315 1057 426 1132 me'dane
440 1057 532 1114 daleam
545 1058 598 1131 (sic
614 1056 781 1116 Schwabins
796 1075 850 1133 pro
860 1057 989 1134 eoquod
1001 1057 1111 1116 habent
1121 1057 1238 1117 codices
1252 1059 1343 1130 ueane)
1356 1057 1457 1114 dream.

316 1153 384 1231 lpse
406 1153 521 1231 Bergltii
542 1155 737 1214 coniecturam
757 1155 863 1214 ducem
883 1163 999 1214 secutm
1019 1155 1135 1214 conicio
1155 1154 1242 1215 Cum
1261 1154 1345 1214 dina
1366 1165 1460 1214 muta

316 1253 455 1328 gauias3
491 1253 539 1311 uix
568 1254 646 1312 enim
673 1253 762 1313 credo
790 1254 871 1314 diua
896 1254 938 1314 sic
964 1255 1044 1313 nude
1074 1273 1127 1332 per
1153 1273 1185 1314 se
1214 1254 1286 1330 poni
1316 1256 1458 1330 potuisse,

316 1353 481 1411 muttiens
502 1363 598 1411 autem
620 1355 719 1412 nescio
738 1354 809 1431 quid
827 1353 922 1430 asperi
942 1365 1035 1424 sonat,
1049 1363 1082 1412 ut
1100 1353 1171 1412 nibil
1190 1353 1227 1412 de
1245 1353 1461 1412 adwnantibus

317 1467 398 1508 aues
417 1451 611 1511 oscitantes
626 1451 754 1511 dixerim.
797 1449 875 1510 Diua
887 1462 969 1528 muta
981 1461 1031 1510 aut
1043 1450 1182 1510 Larunda
1194 1461 1239 1510 est
1252 1460 1303 1509 aut
1316 1463 1350 1510 ut
1363 1451 1460 1526 magis

317 1547 424 1606 inclino
438 1559 469 1606 ut
483 1549 600 1608 credam
613 1549 781 1626 Angerona

358 1645 447 1706 Hanc
465 1648 542 1706 enim
557 1645 664 1707 Diuatn
681 1649 800 1725 proprio
818 1649 937 1707 nomine
957 1659 1092 1707 uocatam
1110 1647 1199 1706 luisse
1220 1647 1350 1706 indicant
1371 1647 1460 1706 feriae

317 1745 387 1814 eius,
402 1762 476 1820 qnae
494 1743 555 1802 XII
576 1757 642 1805 ante
663 1746 800 1806 calendas
820 1747 970 1806 lanuarias
988 1747 1148 1806 celebratae
1162 1745 1256 1805 Dicae
1276 1747 1325 1805 uel
1337 1745 1460 1805 Diuales

317 1842 347 1900 in
362 1841 455 1902 Fastis
468 1843 670 1916 Praenestinis,
684 1843 800 1904 Diunlia
816 1846 847 1902 in
861 1843 1026 1904 Maffeianis
1039 1845 1227 1922 appellantia.
1269 1843 1318 1902 De
1331 1845 1389 1903 bac
1403 1846 1460 1904 den

319 1941 411 1999 Varro
426 1941 458 2001 L.
471 1941 504 2001 L.
518 1942 570 2001 Vl.
589 1961 625 2018 23
641 1944 682 2002 sic
696 1945 794 2002 scribit
807 1943 999 2019 Angeronalea
1014 1943 1051 2001 ab
1064 1944 1214 2020 Angerona
1227 1943 1460 2019 cuisacreficeiene

309 2037 351 2114 fil
362 2041 392 2096 in
406 2043 486 2098 curta
499 2040 628 2099 Acculeia
642 2050 667 2100 el
679 2041 859 2118 cueiessertae
865 2041 992 2118 polluat
1005 2045 1035 2100 t'n
1048 2043 1112 2100 dies.
1155 2041 1228 2100 Plin.
1243 2039 1284 2098 H.
1296 2041 1336 2098 N.
1348 2042 1406 2100 ΙΙΙ.
1419 2045 1458 2114 65

318 2135 447 2216 (Romae)
469 2157 561 2196 nomem
580 2141 698 2198 olerum
718 2140 807 2198 delere
826 2141 942 2198 arcanii
962 2142 1205 2198 eaeremoneareiem
1227 2140 1308 2217 nesas
1330 2139 1460 2208 halem,

316 2245 474 2312 opiumaque
493 2243 519 2294 ei
536 2238 661 2296 solutari
670 2237 731 2314 fide
750 2237 879 2295 abolitum
899 2240 1054 2295 enunteaue't
1074 2236 1200 2295 Valerius
1213 2235 1343 2296 &rama
1355 2239 1460 2314 lneque

317 2352 385 2392 mox
395 2345 504 2410 poenas.
546 2333 613 2394 Non
626 2337 744 2394 alt'enum
762 2336 871 2393 ueileiur
885 2337 1005 2394 enserm
1017 2335 1067 2394 leoc
1079 2337 1135 2394 loeo
1147 2337 1299 2411 exemplum
1314 2338 1460 2413 religionis

317 2435 445 2508 aun'quae
464 2434 496 2491 ob
515 2433 565 2492 loc
585 2452 716 2492 maxume
734 2435 871 2492 niernum
892 2435 1037 2493 institutae
1080 2432 1209 2510 Namque
1222 2434 1291 2493 diua
1303 2434 1460 2510 Angerona

317 2535 365 2590 cui
378 2533 558 2610 sacrficaiur
571 2541 633 2592 anie
648 2532 716 2590 diem
730 2530 807 2590 XII
819 2531 957 2590 Calendas
970 2531 1128 2592 Ianuarias
1140 2552 1188 2590 ore
1200 2533 1316 2609 obligalo
1329 2533 1460 2610 obsigna·

316 2639 392 2706 loque
405 2632 584 2689 simulacrum
598 2631 684 2690 habel.
727 2629 896 2690 Macrobius
911 2629 939 2688 S.
952 2630 975 2688 l.
990 2649 1026 2690 10
1041 2629 1205 2688 Duodeeirao
1220 2630 1294 2708 (anie
1306 2631 1362 2689 kal.
1376 2630 1460 2710 Ian.)

317 2748 382 2786 uero
397 2729 496 2804 sertae
521 2737 587 2787 sunl
610 2731 691 2788 diuae
713 2730 897 2805 Angeroneae,
919 2731 968 2786 cui
984 2729 1126 2806 pontefices
1153 2733 1182 2788 in
1209 2730 1305 2788 sacello
1333 2728 1461 2806 Volupeae

316 2827 555 2902 sacrumfactum,
569 2845 650 2903 quam
670 2826 783 2884 Verrius
798 2825 918 2885 Flaccina
930 2827 1122 2903 Angeroniam
1135 2827 1194 2885 dici
1203 2829 1246 2886 aii
1256 2829 1331 2902 quod
1339 2847 1460 2904 angores

316 2943 349 2982 ac
369 2925 561 2982 sollicitudines
580 2927 736 2982 ammarum
754 2926 906 3000 propinata
926 2925 1044 3000 depellat.
1086 2923 1239 2984 Mammas
1261 2927 1351 2984 adelti
1370 2929 1457 2984 stinu-

317 3024 422 3081 lacrum
441 3023 524 3079 liuius
541 3024 604 3081 deae
620 3041 666 3082 ore
686 3023 803 3100 allegato
821 3031 901 3099 alque
916 3025 1025 3099 regnato
1043 3025 1073 3080 in
1091 3043 1147 3081 ara
1168 3022 1297 3098 Volupeae
1310 3033 1457 3100 propterea

317 3123 480 3193 collocatum,
501 3122 575 3197 quod
591 3123 643 3198 qui
660 3141 723 3181 suos
744 3121 850 3180 dolores
868 3125 1073 3198 anxietaterque
1095 3123 1273 3181 &simulant
1292 3125 1459 3197 perueniant

310 3225 460 3298 parerem
472 3221 593 3298 ansteo
606 3221 648 3279 aa
657 3223 813 3279 menan
826 3221 996 3296 ampelon.
1034 3220 1127 3279 ram
1141 3219 1285 3278 Morem
1298 3222 1356 3278 aa
1368 3204 1457 3278 sasie-

310 3322 404 3398 ficari
420 3321 485 3378 huic
502 3321 564 3378 deae
584 3321 651 3379 de'cil
669 3321 742 3396 quod
754 3321 871 3395 popula
884 3318 1030 3378 Romanus
1047 3319 1138 3378 morbo
1153 3339 1222 3394 quoe
1233 3321 1342 3394 angina
1355 3319 1458 3376 deeemr

314 3424 465 3496 praemisso
486 3427 545 3478 uolo
565 3423 603 3478 sii
620 3419 759 3477 liberatur.
803 3419 847 3478 ld.
863 3419 892 3479 S.
908 3418 1005 3494 111.9.
1021 3437 1039 3490 4
1060 3418 1127 3494 Ipsi
1140 3416 1267 3476 Rornaou'
1283 3424 1309 3474 el
1326 3418 1406 3474 deum
1429 3419 1458 3474 r'n

317 3523 396 3578 cuius
416 3521 499 3580 lulela
519 3519 587 3576 urbs
600 3517 692 3576 Roma
712 3526 758 3590 rel,
772 3525 799 3575 el
815 3521 902 3594 metus
920 3517 999 3576 urbis
1011 3516 1148 3576 Lalt'num
1161 3535 1255 3574 nomen
1268 3518 1392 3592 egotam
1405 3537 1460 3574 esse

318 3621 468 3677 uoluerunt.
511 3617 570 3676 Sed
589 3619 634 3676 dei
651 3619 755 3694 queilem
780 3635 874 3674 nomen
897 3617 1037 3674 norteeullier
1058 3619 1234 3692 antiquorum
1254 3616 1317 3672 It'cel
1338 3618 1413 3672 inter
1432 3635 1460 3673 se

317 3717 502 3774 de'sse'a'enltiem
521 3717 601 3775 librti
618 3719 739 3786 omitum,
754 3723 779 3774 el
795 3717 852 3773 ideo
869 3723 974 3774 uetusta
989 3715 1208 3792 persequentibus
1221 3715 1352 3790 quiequid
1366 3715 1399 3772 de
1411 3715 1459 3772 ta

311 3820 431 3889 putatur
451 3815 574 3872 eunoiue'l.
616 3815 681 3872 Alii
698 3817 768 3872 errem
787 3813 879 3872 Iouem
897 3814 1077 3884 credederunt,
1098 3815 1153 3872 alii
1167 3812 1302 3870 Linum:
1326 3821 1394 3871 srael
1411 3815 1462 3888 qui

317 3913 495 3986 Angeroniam
518 3931 587 3986 quae
609 3913 695 3988 degelo
714 3913 755 3970 ael
770 3931 800 3970 os
820 3913 925 3970 aeneo
945 3913 1084 3970 solentium
1106 3913 1265 3978 denunltai·
1286 3911 1343 3968 alii
1361 3917 1457 3975 autem

317 4029 432 4087 quorum
451 4009 524 4086 fides
551 4011 623 4067 nu'iei
646 4011 757 4069 uidetur
775 4011 902 4088 firmior,
933 4009 1015 4086 Opem
1044 4009 1205 4070 Conse‘eetam
1232 4028 1288 4067 esse
1313 4009 1456 4067 deam.

318 4111 421 4171 Festus
435 4129 463 4186 p.
478 4124 513 4185 17
529 4109 694 4184 Angeronae
712 4111 775 4168 deae
792 4130 876 4168 saera
890 4108 1027 4169 Romanis
1045 4112 1170 4168 abstemia
1188 4117 1260 4179 sunl,
1274 4129 1337 4167 curu
1352 4113 1458 4186 angina

318 4231 393 4269 ortae
405 4229 494 4286 genus
507 4209 669 4266 animalium
683 4215 892 4278 connumeretur,
906 4211 985 4267 cut'ut
992 4210 1074 4286 sesla
1088 4208 1279 4284 Angeronalea
1292 4208 1456 4266 delebantur.

319 4309 435 4368 Solinus
449 4309 471 4366 1.
488 4311 505 4365 6
528 4305 607 4364 luter
625 4309 832 4382 antiquissimas
852 4327 918 4365 sane
938 4307 1082 4384 religiones
1101 4307 1229 4364 sacellum
1249 4307 1351 4364 coleiur
1364 4305 1456 4382 Ange-

318 4425 408 4475 ronae,
423 4405 657 4481 cue'socrpicalur
671 4407 812 4464 antediem
825 4405 901 4464 XII
910 4406 935 4463 k.
951 4403 1015 4465 laer.
1026 4426 1037 4463 .·
1058 4423 1126 4482 quae
1139 4406 1208 4464 de'ua
1221 4406 1341 4480 praesui
1357 4407 1459 4464 salnai
