<?xml version="1.0" encoding="UTF-8"?>
<!DOCTYPE html PUBLIC "-//W3C//DTD XHTML 1.0 Transitional//EN"
    "http://www.w3.org/TR/xhtml1/DTD/xhtml1-transitional.dtd">
<html xmlns="http://www.w3.org/1999/xhtml" xml:lang="en" lang="en">
 <head>
  <title>
</title>
<meta http-equiv="Content-Type" content="text/html;charset=utf-8" />
  <meta name='ocr-system' content='tesseract 3.04.00' />
  <meta name='ocr-capabilities' content='ocr_page ocr_carea ocr_par ocr_line ocrx_word'/>
</head>
<body>
  <div class='ocr_page' id='page_1' title='image "./catulliveronens01elligoog_0363.png"; bbox 0 0 3142 5059; ppageno 0'>
   <div class='ocr_carea' id='block_1_1' title="bbox 596 377 1275 445">
    <p class='ocr_par' dir='ltr' id='par_1_1' title="bbox 596 377 1275 445">
     <span class='ocr_line' id='line_1_1' title="bbox 596 377 1275 445; baseline 0.009 -9"><span class='ocrx_word' id='word_1_1' title='bbox 596 377 817 443; x_wconf 85' lang='lat' dir='ltr'><strong>EXCVRSVS.</strong></span> <span class='ocrx_word' id='word_1_2' title='bbox 1216 387 1275 445; x_wconf 80' lang='grc'>349</span> 
     </span>
    </p>
   </div>
   <div class='ocr_carea' id='block_1_2' title="bbox 135 559 1274 1918">
    <p class='ocr_par' dir='ltr' id='par_1_2' title="bbox 135 559 1274 1918">
     <span class='ocr_line' id='line_1_2' title="bbox 135 559 1274 640; baseline 0.005 -21"><span class='ocrx_word' id='word_1_3' title='bbox 135 559 323 633; x_wconf 89' lang='lat' dir='ltr'>uocabulum,</span> <span class='ocrx_word' id='word_1_4' title='bbox 338 580 405 622; x_wconf 90' lang='lat' dir='ltr'>cum</span> <span class='ocrx_word' id='word_1_5' title='bbox 420 564 447 624; x_wconf 88' lang='lat' dir='ltr'>is</span> <span class='ocrx_word' id='word_1_6' title='bbox 465 563 544 640; x_wconf 90' lang='lat' dir='ltr'>apud</span> <span class='ocrx_word' id='word_1_7' title='bbox 562 561 695 624; x_wconf 90' lang='lat' dir='ltr'>Plautum</span> <span class='ocrx_word' id='word_1_8' title='bbox 709 562 880 624; x_wconf 89' lang='lat' dir='ltr'>Terentium</span> <span class='ocrx_word' id='word_1_9' title='bbox 895 563 1023 624; x_wconf 89' lang='lat' dir='ltr'>Ennium</span> <span class='ocrx_word' id='word_1_10' title='bbox 1037 563 1225 625; x_wconf 90' lang='lat' dir='ltr'>Comicorum</span> <span class='ocrx_word' id='word_1_11' title='bbox 1244 577 1274 626; x_wconf 89' lang='lat' dir='ltr'>et</span> 
     </span>
     <span class='ocr_line' id='line_1_3' title="bbox 135 657 1272 742; baseline 0.005 -24"><span class='ocrx_word' id='word_1_12' title='bbox 135 657 332 735; x_wconf 84' lang='lat' dir='ltr'>Tragicorum</span> <span class='ocrx_word' id='word_1_13' title='bbox 345 660 506 738; x_wconf 89' lang='lat' dir='ltr'>fragmenta</span> <span class='ocrx_word' id='word_1_14' title='bbox 519 661 682 722; x_wconf 91' lang='lat' dir='ltr'>Lucretium</span> <span class='ocrx_word' id='word_1_15' title='bbox 694 661 849 722; x_wconf 80' lang='lat' dir='ltr'>Caesarem</span> <span class='ocrx_word' id='word_1_16' title='bbox 860 661 1015 724; x_wconf 70' lang='lat' dir='ltr'><strong>Salustium</strong></span> <span class='ocrx_word' id='word_1_17' title='bbox 1025 662 1114 724; x_wconf 83' lang='lat' dir='ltr'>Corn</span> <span class='ocrx_word' id='word_1_18' title='bbox 1125 663 1272 742; x_wconf 83' lang='lat' dir='ltr'><strong>Nepotem</strong></span> 
     </span>
     <span class='ocr_line' id='line_1_4' title="bbox 137 755 1273 837; baseline 0.007 -23"><span class='ocrx_word' id='word_1_19' title='bbox 137 755 312 817; x_wconf 86' lang='lat' dir='ltr'>Ciceronem</span> <span class='ocrx_word' id='word_1_20' title='bbox 332 777 476 836; x_wconf 81' lang='lat' dir='ltr'>nusquam</span> <span class='ocrx_word' id='word_1_21' title='bbox 495 760 625 820; x_wconf 90' lang='lat' dir='ltr'>uideatur</span> <span class='ocrx_word' id='word_1_22' title='bbox 645 777 805 820; x_wconf 85' lang='lat' dir='ltr'>occurrere.</span> <span class='ocrx_word' id='word_1_23' title='bbox 846 761 948 837; x_wconf 88' lang='lat' dir='ltr'>Itaque</span> <span class='ocrx_word' id='word_1_24' title='bbox 968 759 1047 819; x_wconf 92' lang='lat' dir='ltr'>haud</span> <span class='ocrx_word' id='word_1_25' title='bbox 1067 761 1129 822; x_wconf 91' lang='lat' dir='ltr'>scio</span> <span class='ocrx_word' id='word_1_26' title='bbox 1151 780 1190 820; x_wconf 87' lang='lat' dir='ltr'>an</span> <span class='ocrx_word' id='word_1_27' title='bbox 1211 781 1273 822; x_wconf 87' lang='lat' dir='ltr'>non</span> 
     </span>
     <span class='ocr_line' id='line_1_5' title="bbox 137 856 1272 935; baseline 0.005 -21"><span class='ocrx_word' id='word_1_28' title='bbox 137 865 217 915; x_wconf 89' lang='lat' dir='ltr'>recte</span> <span class='ocrx_word' id='word_1_29' title='bbox 245 856 422 918; x_wconf 88' lang='lat' dir='ltr'>Ribbeckius</span> <span class='ocrx_word' id='word_1_30' title='bbox 449 860 610 935; x_wconf 90' lang='lat' dir='ltr'>suspicatus</span> <span class='ocrx_word' id='word_1_31' title='bbox 637 857 674 917; x_wconf 92' lang='lat' dir='ltr'>sit</span> <span class='ocrx_word' id='word_1_32' title='bbox 701 857 873 918; x_wconf 79' lang='lat' dir='ltr'>Sentianum</span> <span class='ocrx_word' id='word_1_33' title='bbox 899 859 968 917; x_wconf 92' lang='lat' dir='ltr'>illud</span> <span class='ocrx_word' id='word_1_34' title='bbox 996 859 1150 918; x_wconf 87' lang='lat' dir='ltr'>discrimen</span> <span class='ocrx_word' id='word_1_35' title='bbox 1180 861 1272 920; x_wconf 89' lang='lat' dir='ltr'>serius</span> 
     </span>
     <span class='ocr_line' id='line_1_6' title="bbox 136 955 1272 1035; baseline 0.006 -23"><span class='ocrx_word' id='word_1_36' title='bbox 136 955 287 1014; x_wconf 86' lang='lat' dir='ltr'>iuuectum</span> <span class='ocrx_word' id='word_1_37' title='bbox 306 955 403 1016; x_wconf 87' lang='lat' dir='ltr'>fuisse.</span> <span class='ocrx_word' id='word_1_38' title='bbox 445 957 523 1016; x_wconf 88' lang='lat' dir='ltr'>Nam</span> <span class='ocrx_word' id='word_1_39' title='bbox 547 957 572 1018; x_wconf 91' lang='lat' dir='ltr'>si</span> <span class='ocrx_word' id='word_1_40' title='bbox 596 956 702 1034; x_wconf 88' lang='lat' dir='ltr'>duplici</span> <span class='ocrx_word' id='word_1_41' title='bbox 727 975 815 1016; x_wconf 88' lang='lat' dir='ltr'>sensu</span> <span class='ocrx_word' id='word_1_42' title='bbox 838 959 932 1034; x_wconf 92' lang='lat' dir='ltr'>primo</span> <span class='ocrx_word' id='word_1_43' title='bbox 953 958 1102 1018; x_wconf 84' lang='lat' dir='ltr'>dicebatur</span> <span class='ocrx_word' id='word_1_44' title='bbox 1122 959 1272 1035; x_wconf 81' lang='lat' dir='ltr'>flagrare</span> 
     </span>
     <span class='ocr_line' id='line_1_7' title="bbox 137 1052 1273 1134; baseline 0.004 -22"><span class='ocrx_word' id='word_1_45' title='bbox 137 1052 222 1112; x_wconf 87' lang='lat' dir='ltr'>facile</span> <span class='ocrx_word' id='word_1_46' title='bbox 245 1055 342 1114; x_wconf 91' lang='lat' dir='ltr'>euenit</span> <span class='ocrx_word' id='word_1_47' title='bbox 362 1065 394 1114; x_wconf 92' lang='lat' dir='ltr'>ut</span> <span class='ocrx_word' id='word_1_48' title='bbox 417 1056 619 1133; x_wconf 86' lang='lat' dir='ltr'>progrediente</span> <span class='ocrx_word' id='word_1_49' title='bbox 643 1066 773 1134; x_wconf 89' lang='lat' dir='ltr'>tempore</span> <span class='ocrx_word' id='word_1_50' title='bbox 795 1056 975 1131; x_wconf 85' lang='lat' dir='ltr'>grammatici</span> <span class='ocrx_word' id='word_1_51' title='bbox 998 1056 1105 1133; x_wconf 87' lang='lat' dir='ltr'>duplici</span> <span class='ocrx_word' id='word_1_52' title='bbox 1128 1058 1218 1117; x_wconf 94' lang='lat' dir='ltr'>modo</span> <span class='ocrx_word' id='word_1_53' title='bbox 1243 1058 1273 1118; x_wconf 94' lang='lat' dir='ltr'>id</span> 
     </span>
     <span class='ocr_line' id='line_1_8' title="bbox 137 1153 1272 1231; baseline 0.003 -19"><span class='ocrx_word' id='word_1_54' title='bbox 137 1153 296 1212; x_wconf 87' lang='lat' dir='ltr'>scriberent</span> <span class='ocrx_word' id='word_1_55' title='bbox 313 1172 406 1231; x_wconf 89' lang='lat' dir='ltr'>eaque</span> <span class='ocrx_word' id='word_1_56' title='bbox 423 1154 558 1214; x_wconf 89' lang='lat' dir='ltr'>discretio</span> <span class='ocrx_word' id='word_1_57' title='bbox 576 1173 594 1213; x_wconf 91' lang='lat' dir='ltr'>a</span> <span class='ocrx_word' id='word_1_58' title='bbox 612 1155 707 1214; x_wconf 89' lang='lat' dir='ltr'>multis</span> <span class='ocrx_word' id='word_1_59' title='bbox 727 1173 783 1214; x_wconf 88' lang='lat' dir='ltr'>nec</span> <span class='ocrx_word' id='word_1_60' title='bbox 803 1165 902 1214; x_wconf 87' lang='lat' dir='ltr'>tamen</span> <span class='ocrx_word' id='word_1_61' title='bbox 920 1164 1086 1214; x_wconf 85' lang='lat' dir='ltr'>constanter</span> <span class='ocrx_word' id='word_1_62' title='bbox 1103 1166 1272 1216; x_wconf 89' lang='lat' dir='ltr'>seruaretur.</span> 
     </span>
     <span class='ocr_line' id='line_1_9' title="bbox 137 1249 1274 1331; baseline 0.002 -21"><span class='ocrx_word' id='word_1_63' title='bbox 137 1249 204 1310; x_wconf 89' lang='lat' dir='ltr'>Iam</span> <span class='ocrx_word' id='word_1_64' title='bbox 218 1249 346 1311; x_wconf 85' lang='lat' dir='ltr'>Camllus</span> <span class='ocrx_word' id='word_1_65' title='bbox 367 1253 436 1312; x_wconf 89' lang='lat' dir='ltr'>dum</span> <span class='ocrx_word' id='word_1_66' title='bbox 456 1253 487 1312; x_wconf 90' lang='lat' dir='ltr'>id</span> <span class='ocrx_word' id='word_1_67' title='bbox 506 1254 537 1312; x_wconf 90' lang='lat' dir='ltr'>in</span> <span class='ocrx_word' id='word_1_68' title='bbox 557 1254 766 1330; x_wconf 87' lang='lat' dir='ltr'>significatione</span> <span class='ocrx_word' id='word_1_69' title='bbox 787 1253 905 1312; x_wconf 92' lang='lat' dir='ltr'>olendi</span> <span class='ocrx_word' id='word_1_70' title='bbox 926 1254 987 1312; x_wconf 78' lang='lat' dir='ltr'>ursit</span> <span class='ocrx_word' id='word_1_71' title='bbox 1007 1271 1124 1331; x_wconf 85' lang='lat' dir='ltr'>ponere,</span> <span class='ocrx_word' id='word_1_72' title='bbox 1144 1264 1194 1313; x_wconf 90' lang='lat' dir='ltr'>aut</span> <span class='ocrx_word' id='word_1_73' title='bbox 1213 1273 1274 1312; x_wconf 91' lang='lat' dir='ltr'>una</span> 
     </span>
     <span class='ocr_line' id='line_1_10' title="bbox 137 1349 1272 1427; baseline 0.004 -19"><span class='ocrx_word' id='word_1_74' title='bbox 137 1349 233 1409; x_wconf 86' lang='lat' dir='ltr'>forma</span> <span class='ocrx_word' id='word_1_75' title='bbox 252 1349 405 1427; x_wconf 81' lang='lat' dir='ltr'>flagrans</span> <span class='ocrx_word' id='word_1_76' title='bbox 426 1370 496 1412; x_wconf 89' lang='lat' dir='ltr'>usus</span> <span class='ocrx_word' id='word_1_77' title='bbox 516 1363 569 1424; x_wconf 89' lang='lat' dir='ltr'>est,</span> <span class='ocrx_word' id='word_1_78' title='bbox 590 1353 679 1414; x_wconf 90' lang='lat' dir='ltr'>altera</span> <span class='ocrx_word' id='word_1_79' title='bbox 700 1353 777 1412; x_wconf 89' lang='lat' dir='ltr'>enirn</span> <span class='ocrx_word' id='word_1_80' title='bbox 798 1353 930 1412; x_wconf 89' lang='lat' dir='ltr'>nondum</span> <span class='ocrx_word' id='word_1_81' title='bbox 944 1353 1067 1424; x_wconf 83' lang='lat' dir='ltr'>extabat,</span> <span class='ocrx_word' id='word_1_82' title='bbox 1082 1363 1132 1412; x_wconf 91' lang='lat' dir='ltr'>aut</span> <span class='ocrx_word' id='word_1_83' title='bbox 1152 1353 1176 1412; x_wconf 95' lang='lat' dir='ltr'>si</span> <span class='ocrx_word' id='word_1_84' title='bbox 1197 1353 1272 1412; x_wconf 86' lang='lat' dir='ltr'>duae</span> 
     </span>
     <span class='ocr_line' id='line_1_11' title="bbox 137 1448 1272 1528; baseline 0.004 -22"><span class='ocrx_word' id='word_1_85' title='bbox 137 1448 369 1524; x_wconf 86' lang='lat' dir='ltr'>suppeditabant,</span> <span class='ocrx_word' id='word_1_86' title='bbox 383 1448 538 1525; x_wconf 82' lang='lat' dir='ltr'>flagrans</span> <span class='ocrx_word' id='word_1_87' title='bbox 557 1451 742 1526; x_wconf 64' lang='lat' dir='ltr'>praesiliant</span> <span class='ocrx_word' id='word_1_88' title='bbox 760 1451 863 1527; x_wconf 90' lang='lat' dir='ltr'>inquo</span> <span class='ocrx_word' id='word_1_89' title='bbox 883 1451 1008 1527; x_wconf 89' lang='lat' dir='ltr'>priorem</span> <span class='ocrx_word' id='word_1_90' title='bbox 1024 1470 1042 1510; x_wconf 88' lang='lat' dir='ltr'>a</span> <span class='ocrx_word' id='word_1_91' title='bbox 1060 1450 1170 1511; x_wconf 84' lang='lat' dir='ltr'>facilius</span> <span class='ocrx_word' id='word_1_92' title='bbox 1183 1468 1272 1528; x_wconf 88' lang='lat' dir='ltr'>quam</span> 
     </span>
     <span class='ocr_line' id='line_1_12' title="bbox 138 1546 1273 1625; baseline 0.003 -22"><span class='ocrx_word' id='word_1_93' title='bbox 138 1546 170 1603; x_wconf 94' lang='lat' dir='ltr'>in</span> <span class='ocrx_word' id='word_1_94' title='bbox 203 1546 358 1622; x_wconf 87' lang='lat' dir='ltr'>fraglans</span> <span class='ocrx_word' id='word_1_95' title='bbox 390 1549 494 1624; x_wconf 87' lang='lat' dir='ltr'>corripi</span> <span class='ocrx_word' id='word_1_96' title='bbox 526 1565 614 1625; x_wconf 91' lang='lat' dir='ltr'>posse</span> <span class='ocrx_word' id='word_1_97' title='bbox 647 1548 832 1624; x_wconf 83' lang='lat' dir='ltr'>intellegeret</span> <span class='ocrx_word' id='word_1_98' title='bbox 881 1547 969 1606; x_wconf 91' lang='lat' dir='ltr'>Vnde</span> <span class='ocrx_word' id='word_1_99' title='bbox 996 1547 1151 1624; x_wconf 88' lang='lat' dir='ltr'>flagrans</span> <span class='ocrx_word' id='word_1_100' title='bbox 1175 1548 1229 1607; x_wconf 92' lang='lat' dir='ltr'>VI.</span> <span class='ocrx_word' id='word_1_101' title='bbox 1244 1551 1273 1618; x_wconf 89' lang='lat'>8,</span> 
     </span>
     <span class='ocr_line' id='line_1_13' title="bbox 137 1643 1273 1723; baseline 0.004 -21"><span class='ocrx_word' id='word_1_102' title='bbox 137 1643 356 1721; x_wconf 85' lang='lat' dir='ltr'>Flagrantem</span> <span class='ocrx_word' id='word_1_103' title='bbox 371 1645 510 1706; x_wconf 87' lang='lat' dir='ltr'><strong>LXVIII.</strong></span> <span class='ocrx_word' id='word_1_104' title='bbox 525 1666 580 1719; x_wconf 87' lang='lat'>144</span> <span class='ocrx_word' id='word_1_105' title='bbox 596 1647 706 1718; x_wconf 90' lang='lat' dir='ltr'>retinui,</span> <span class='ocrx_word' id='word_1_106' title='bbox 721 1665 759 1705; x_wconf 89' lang='lat' dir='ltr'>ne</span> <span class='ocrx_word' id='word_1_107' title='bbox 777 1645 931 1722; x_wconf 88' lang='lat' dir='ltr'>fraglans</span> <span class='ocrx_word' id='word_1_108' title='bbox 951 1647 1069 1723; x_wconf 91' lang='lat' dir='ltr'>quidem</span> <span class='ocrx_word' id='word_1_109' title='bbox 1090 1666 1145 1706; x_wconf 90' lang='lat' dir='ltr'>nec</span> <span class='ocrx_word' id='word_1_110' title='bbox 1166 1647 1273 1723; x_wconf 87' lang='lat' dir='ltr'>Frag-</span> 
     </span>
     <span class='ocr_line' id='line_1_14' title="bbox 138 1743 1273 1822; baseline 0.003 -21"><span class='ocrx_word' id='word_1_111' title='bbox 138 1743 268 1802; x_wconf 89' lang='lat' dir='ltr'>lantem</span> <span class='ocrx_word' id='word_1_112' title='bbox 286 1763 373 1804; x_wconf 89' lang='lat' dir='ltr'>ausus</span> <span class='ocrx_word' id='word_1_113' title='bbox 390 1745 534 1817; x_wconf 89' lang='lat' dir='ltr'>inducere,</span> <span class='ocrx_word' id='word_1_114' title='bbox 548 1763 615 1805; x_wconf 92' lang='lat' dir='ltr'>cum</span> <span class='ocrx_word' id='word_1_115' title='bbox 632 1745 704 1804; x_wconf 88' lang='lat' dir='ltr'>baec</span> <span class='ocrx_word' id='word_1_116' title='bbox 718 1765 736 1805; x_wconf 88' lang='lat' dir='ltr'>a</span> <span class='ocrx_word' id='word_1_117' title='bbox 750 1763 865 1822; x_wconf 90' lang='lat' dir='ltr'>semper</span> <span class='ocrx_word' id='word_1_118' title='bbox 879 1755 928 1805; x_wconf 89' lang='lat' dir='ltr'>aut</span> <span class='ocrx_word' id='word_1_119' title='bbox 946 1745 1088 1822; x_wconf 90' lang='lat' dir='ltr'>producta</span> <span class='ocrx_word' id='word_1_120' title='bbox 1101 1756 1150 1805; x_wconf 89' lang='lat' dir='ltr'>aut</span> <span class='ocrx_word' id='word_1_121' title='bbox 1163 1747 1273 1806; x_wconf 88' lang='lat' dir='ltr'>incerta</span> 
     </span>
     <span class='ocr_line' id='line_1_15' title="bbox 137 1842 256 1918; baseline -0.008 -17"><span class='ocrx_word' id='word_1_122' title='bbox 137 1842 256 1918; x_wconf 89' lang='lat' dir='ltr'>legatur.</span> 
     </span>
    </p>
   </div>
   <div class='ocr_carea' id='block_1_3' title="bbox 450 2129 965 2208">
    <p class='ocr_par' dir='ltr' id='par_1_3' title="bbox 450 2129 965 2208">
     <span class='ocr_line' id='line_1_16' title="bbox 450 2129 965 2208; baseline 0.008 -21"><span class='ocrx_word' id='word_1_123' title='bbox 450 2129 609 2206; x_wconf 88' lang='lat' dir='ltr'>Pipilare,</span> <span class='ocrx_word' id='word_1_124' title='bbox 632 2130 800 2208; x_wconf 88' lang='lat' dir='ltr'>pipulare,</span> <span class='ocrx_word' id='word_1_125' title='bbox 820 2131 965 2208; x_wconf 79' lang='lat' dir='ltr'>pipiare,</span> 
     </span>
    </p>
   </div>
   <div class='ocr_carea' id='block_1_4' title="bbox 136 2295 1271 2572">
    <p class='ocr_par' dir='ltr' id='par_1_4' title="bbox 136 2295 1271 2572">
     <span class='ocr_line' id='line_1_17' title="bbox 137 2295 1271 2375; baseline 0.001 -20"><span class='ocrx_word' id='word_1_126' title='bbox 137 2297 259 2356; x_wconf 87' lang='lat' dir='ltr'>Variant</span> <span class='ocrx_word' id='word_1_127' title='bbox 280 2295 428 2357; x_wconf 88' lang='lat' dir='ltr'>Glossaria</span> <span class='ocrx_word' id='word_1_128' title='bbox 448 2297 522 2356; x_wconf 88' lang='lat' dir='ltr'>inter</span> <span class='ocrx_word' id='word_1_129' title='bbox 541 2297 684 2374; x_wconf 90' lang='lat' dir='ltr'>pipiare,</span> <span class='ocrx_word' id='word_1_130' title='bbox 711 2296 869 2374; x_wconf 90' lang='lat' dir='ltr'>pipilare,</span> <span class='ocrx_word' id='word_1_131' title='bbox 896 2296 1063 2374; x_wconf 86' lang='lat' dir='ltr'>pipulare.</span> <span class='ocrx_word' id='word_1_132' title='bbox 1106 2295 1202 2357; x_wconf 89' lang='lat' dir='ltr'>Gloss.</span> <span class='ocrx_word' id='word_1_133' title='bbox 1225 2316 1271 2375; x_wconf 89' lang='lat' dir='ltr'>ap.</span> 
     </span>
     <span class='ocr_line' id='line_1_18' title="bbox 137 2394 1270 2473; baseline 0.002 -19"><span class='ocrx_word' id='word_1_134' title='bbox 137 2395 208 2454; x_wconf 89' lang='lat' dir='ltr'>Mai.</span> <span class='ocrx_word' id='word_1_135' title='bbox 223 2397 307 2454; x_wconf 87' lang='lat' dir='ltr'>Auct.</span> <span class='ocrx_word' id='word_1_136' title='bbox 323 2394 415 2454; x_wconf 88' lang='lat' dir='ltr'>Class.</span> <span class='ocrx_word' id='word_1_137' title='bbox 427 2394 510 2454; x_wconf 94' lang='lat' dir='ltr'><strong>VIII.</strong></span> <span class='ocrx_word' id='word_1_138' title='bbox 527 2410 585 2471; x_wconf 83' lang='lat'>473</span> <span class='ocrx_word' id='word_1_139' title='bbox 602 2394 810 2473; x_wconf 90' lang='lat' dir='ltr'>Pipiuncula</span> <span class='ocrx_word' id='word_1_140' title='bbox 823 2397 951 2471; x_wconf 63' lang='lat' dir='ltr'>accpster</span> <span class='ocrx_word' id='word_1_141' title='bbox 964 2415 983 2454; x_wconf 92' lang='lat' dir='ltr'>a</span> <span class='ocrx_word' id='word_1_142' title='bbox 989 2396 1131 2472; x_wconf 75' lang='lat' dir='ltr'>pipianda.</span> <span class='ocrx_word' id='word_1_143' title='bbox 1173 2396 1270 2456; x_wconf 92' lang='lat' dir='ltr'>Gloss.</span> 
     </span>
     <span class='ocr_line' id='line_1_19' title="bbox 136 2493 1271 2572; baseline 0 -18"><span class='ocrx_word' id='word_1_144' title='bbox 136 2495 366 2571; x_wconf 90' lang='lat' dir='ltr'>Amplonianum</span> <span class='ocrx_word' id='word_1_145' title='bbox 384 2513 412 2572; x_wconf 89' lang='lat' dir='ltr'>p.</span> <span class='ocrx_word' id='word_1_146' title='bbox 430 2497 496 2570; x_wconf 82' lang='lat'><strong>362.</strong></span> <span class='ocrx_word' id='word_1_147' title='bbox 512 2514 540 2553; x_wconf 90' lang='grc' dir='ltr'>ιι.</span> <span class='ocrx_word' id='word_1_148' title='bbox 558 2497 614 2567; x_wconf 85' lang='lat'>248</span> <span class='ocrx_word' id='word_1_149' title='bbox 633 2495 754 2572; x_wconf 91' lang='lat' dir='ltr'>pipant</span> <span class='ocrx_word' id='word_1_150' title='bbox 770 2501 902 2554; x_wconf 82' lang='lat' dir='ltr'>resonant</span> <span class='ocrx_word' id='word_1_151' title='bbox 911 2495 962 2553; x_wconf 91' lang='lat' dir='ltr'>ubi</span> <span class='ocrx_word' id='word_1_152' title='bbox 976 2493 1193 2554; x_wconf 89' lang='lat' dir='ltr'>Hildebrandus</span> <span class='ocrx_word' id='word_1_153' title='bbox 1207 2515 1271 2555; x_wconf 90' lang='lat' dir='ltr'>cor·</span> 
     </span>
    </p>
   </div>
   <div class='ocr_carea' id='block_1_5' title="bbox 136 2592 1366 2671">
    <p class='ocr_par' dir='ltr' id='par_1_5' title="bbox 136 2592 1366 2671">
     <span class='ocr_line' id='line_1_20' title="bbox 136 2592 1366 2671; baseline 0.001 -19"><span class='ocrx_word' id='word_1_154' title='bbox 136 2596 210 2654; x_wconf 86' lang='lat' dir='ltr'>rexit</span> <span class='ocrx_word' id='word_1_155' title='bbox 226 2595 372 2671; x_wconf 89' lang='lat' dir='ltr'>pipiant.</span> <span class='ocrx_word' id='word_1_156' title='bbox 414 2592 538 2653; x_wconf 90' lang='lat' dir='ltr'>Glossae</span> <span class='ocrx_word' id='word_1_157' title='bbox 559 2592 664 2652; x_wconf 92' lang='lat' dir='ltr'>Isidori</span> <span class='ocrx_word' id='word_1_158' title='bbox 683 2593 831 2670; x_wconf 86' lang='lat' dir='ltr'>pipilare</span> <span class='ocrx_word' id='word_1_159' title='bbox 851 2611 985 2652; x_wconf 78' lang='lat' dir='ltr'>mamre.</span> <span class='ocrx_word' id='word_1_160' title='bbox 1027 2593 1270 2671; x_wconf 79' lang='lat' dir='ltr'>Glossap.MaI.</span> <span class='ocrx_word' id='word_1_161' title='bbox 1363 2657 1366 2663; x_wconf 68' lang='grc'>,</span> 
     </span>
    </p>
   </div>
   <div class='ocr_carea' id='block_1_6' title="bbox 133 2689 1282 4149">
    <p class='ocr_par' dir='ltr' id='par_1_6' title="bbox 133 2689 1282 4149">
     <span class='ocr_line' id='line_1_21' title="bbox 136 2689 1271 2771; baseline -0.001 -19"><span class='ocrx_word' id='word_1_162' title='bbox 136 2692 408 2752; x_wconf 84' lang='lat' dir='ltr'>AuctClassVIII.</span> <span class='ocrx_word' id='word_1_163' title='bbox 419 2695 477 2767; x_wconf 88' lang='grc'>483</span> <span class='ocrx_word' id='word_1_164' title='bbox 491 2691 639 2768; x_wconf 92' lang='lat' dir='ltr'>pilulare</span> <span class='ocrx_word' id='word_1_165' title='bbox 651 2689 726 2771; x_wconf 90' lang='lat' dir='ltr'>(iege</span> <span class='ocrx_word' id='word_1_166' title='bbox 740 2689 910 2769; x_wconf 88' lang='lat' dir='ltr'>pipulare)</span> <span class='ocrx_word' id='word_1_167' title='bbox 922 2710 1057 2750; x_wconf 84' lang='lat' dir='ltr'>resonare.</span> <span class='ocrx_word' id='word_1_168' title='bbox 1085 2691 1123 2751; x_wconf 90' lang='lat' dir='ltr'>Et</span> <span class='ocrx_word' id='word_1_169' title='bbox 1138 2693 1271 2769; x_wconf 87' lang='lat' dir='ltr'>pIpiare</span> 
     </span>
     <span class='ocr_line' id='line_1_22' title="bbox 136 2789 1270 2868; baseline 0 -18"><span class='ocrx_word' id='word_1_170' title='bbox 136 2792 254 2868; x_wconf 90' lang='lat' dir='ltr'>quidem</span> <span class='ocrx_word' id='word_1_171' title='bbox 268 2790 315 2849; x_wconf 93' lang='lat' dir='ltr'>uel</span> <span class='ocrx_word' id='word_1_172' title='bbox 328 2789 475 2866; x_wconf 89' lang='lat' dir='ltr'>plipiare</span> <span class='ocrx_word' id='word_1_173' title='bbox 489 2789 536 2849; x_wconf 89' lang='lat' dir='ltr'>uel</span> <span class='ocrx_word' id='word_1_174' title='bbox 550 2789 682 2866; x_wconf 74' lang='lat' dir='ltr'>piplbre</span> <span class='ocrx_word' id='word_1_175' title='bbox 696 2790 865 2866; x_wconf 87' lang='lat' dir='ltr'>accipitrum</span> <span class='ocrx_word' id='word_1_176' title='bbox 877 2792 1027 2867; x_wconf 90' lang='lat' dir='ltr'>proprium</span> <span class='ocrx_word' id='word_1_177' title='bbox 1040 2789 1128 2851; x_wconf 89' lang='lat' dir='ltr'>fuisse</span> <span class='ocrx_word' id='word_1_178' title='bbox 1142 2791 1254 2850; x_wconf 89' lang='lat' dir='ltr'>uidetur</span> <span class='ocrx_word' id='word_1_179' title='bbox 1262 2810 1270 2863; x_wconf 93' lang='lat'>;</span> 
     </span>
     <span class='ocr_line' id='line_1_23' title="bbox 135 2887 1271 2965; baseline 0.001 -17"><span class='ocrx_word' id='word_1_180' title='bbox 135 2889 203 2949; x_wconf 92' lang='lat' dir='ltr'>uide</span> <span class='ocrx_word' id='word_1_181' title='bbox 223 2889 306 2948; x_wconf 90' lang='lat' dir='ltr'>locos</span> <span class='ocrx_word' id='word_1_182' title='bbox 324 2899 481 2965; x_wconf 90' lang='lat' dir='ltr'>congestos</span> <span class='ocrx_word' id='word_1_183' title='bbox 499 2906 518 2946; x_wconf 92' lang='lat' dir='ltr'>a</span> <span class='ocrx_word' id='word_1_184' title='bbox 531 2887 778 2965; x_wconf 87' lang='lat' dir='ltr'>Reyfferscheidio</span> <span class='ocrx_word' id='word_1_185' title='bbox 797 2888 835 2947; x_wconf 90' lang='lat' dir='ltr'>ad</span> <span class='ocrx_word' id='word_1_186' title='bbox 850 2887 968 2947; x_wconf 92' lang='lat' dir='ltr'>Sueton.</span> <span class='ocrx_word' id='word_1_187' title='bbox 984 2889 1021 2948; x_wconf 91' lang='lat' dir='ltr'>de</span> <span class='ocrx_word' id='word_1_188' title='bbox 1035 2889 1147 2949; x_wconf 89' lang='lat' dir='ltr'>Natura</span> <span class='ocrx_word' id='word_1_189' title='bbox 1160 2889 1271 2949; x_wconf 89' lang='lat' dir='ltr'>Rerum</span> 
     </span>
     <span class='ocr_line' id='line_1_24' title="bbox 138 2986 1271 3064; baseline 0.001 -18"><span class='ocrx_word' id='word_1_190' title='bbox 138 2991 285 3062; x_wconf 81' lang='lat'>248-252,</span> <span class='ocrx_word' id='word_1_191' title='bbox 301 2988 338 3045; x_wconf 86' lang='lat' dir='ltr'>rb.</span> <span class='ocrx_word' id='word_1_192' title='bbox 355 2989 490 3061; x_wconf 82' lang='lat'>308-311</span> <span class='ocrx_word' id='word_1_193' title='bbox 508 3004 676 3064; x_wconf 89' lang='lat' dir='ltr'>quanquam</span> <span class='ocrx_word' id='word_1_194' title='bbox 690 2986 727 3046; x_wconf 89' lang='lat' dir='ltr'>dc</span> <span class='ocrx_word' id='word_1_195' title='bbox 746 2987 860 3063; x_wconf 90' lang='lat' dir='ltr'>ploratu</span> <span class='ocrx_word' id='word_1_196' title='bbox 879 2986 1032 3047; x_wconf 87' lang='lat' dir='ltr'>hominum</span> <span class='ocrx_word' id='word_1_197' title='bbox 1052 2988 1099 3047; x_wconf 90' lang='lat' dir='ltr'>uel</span> <span class='ocrx_word' id='word_1_198' title='bbox 1120 2987 1271 3048; x_wconf 91' lang='lat' dir='ltr'>infantium</span> 
     </span>
     <span class='ocr_line' id='line_1_25' title="bbox 134 3083 1273 3162; baseline 0 -17"><span class='ocrx_word' id='word_1_199' title='bbox 134 3095 304 3162; x_wconf 88' lang='lat' dir='ltr'>usurpatum</span> <span class='ocrx_word' id='word_1_200' title='bbox 331 3095 375 3144; x_wconf 90' lang='lat' dir='ltr'>est</span> <span class='ocrx_word' id='word_1_201' title='bbox 406 3102 425 3143; x_wconf 90' lang='lat' dir='ltr'>a</span> <span class='ocrx_word' id='word_1_202' title='bbox 451 3084 630 3144; x_wconf 91' lang='lat' dir='ltr'>Tertulliano</span> <span class='ocrx_word' id='word_1_203' title='bbox 659 3085 724 3144; x_wconf 89' lang='lat' dir='ltr'>adu.</span> <span class='ocrx_word' id='word_1_204' title='bbox 752 3083 898 3144; x_wconf 87' lang='lat' dir='ltr'>Valentin.</span> <span class='ocrx_word' id='word_1_205' title='bbox 921 3084 978 3142; x_wconf 91' lang='lat' dir='ltr'>XV</span> <span class='ocrx_word' id='word_1_206' title='bbox 1009 3084 1141 3145; x_wconf 79' lang='lat' dir='ltr'>Caelestes</span> <span class='ocrx_word' id='word_1_207' title='bbox 1172 3087 1273 3146; x_wconf 74' lang='lat' dir='ltr'>siabres</span> 
     </span>
     <span class='ocr_line' id='line_1_26' title="bbox 134 3182 1270 3262; baseline 0.002 -20"><span class='ocrx_word' id='word_1_208' title='bbox 134 3184 283 3261; x_wconf 91' lang='lat' dir='ltr'>pipiauit</span> <span class='ocrx_word' id='word_1_209' title='bbox 309 3183 471 3242; x_wconf 77' lang='lat' dir='ltr'>Achamoth.</span> <span class='ocrx_word' id='word_1_210' title='bbox 518 3183 562 3243; x_wconf 91' lang='lat' dir='ltr'>Id.</span> <span class='ocrx_word' id='word_1_211' title='bbox 591 3183 784 3260; x_wconf 87' lang='lat' dir='ltr'>Monogamia</span> <span class='ocrx_word' id='word_1_212' title='bbox 815 3182 888 3241; x_wconf 91' lang='lat' dir='ltr'>XVI</span> <span class='ocrx_word' id='word_1_213' title='bbox 918 3182 1050 3262; x_wconf 78' lang='lat' dir='ltr'>Infantes</span> <span class='ocrx_word' id='word_1_214' title='bbox 1082 3185 1270 3261; x_wconf 90' lang='lat' dir='ltr'>pipiantes.</span> 
     </span>
     <span class='ocr_line' id='line_1_27' title="bbox 134 3281 1271 3359; baseline 0.003 -18"><span class='ocrx_word' id='word_1_215' title='bbox 134 3281 258 3359; x_wconf 88' lang='lat' dir='ltr'>Pipare</span> <span class='ocrx_word' id='word_1_216' title='bbox 278 3300 349 3341; x_wconf 91' lang='lat' dir='ltr'>uero</span> <span class='ocrx_word' id='word_1_217' title='bbox 371 3299 537 3358; x_wconf 89' lang='lat' dir='ltr'>quanquam</span> <span class='ocrx_word' id='word_1_218' title='bbox 558 3282 684 3358; x_wconf 86' lang='lat' dir='ltr'>accipitri</span> <span class='ocrx_word' id='word_1_219' title='bbox 705 3282 835 3341; x_wconf 89' lang='lat' dir='ltr'>tribuitur</span> <span class='ocrx_word' id='word_1_220' title='bbox 855 3283 885 3340; x_wconf 94' lang='lat' dir='ltr'>in</span> <span class='ocrx_word' id='word_1_221' title='bbox 899 3281 1035 3341; x_wconf 90' lang='lat' dir='ltr'>Carmine</span> <span class='ocrx_word' id='word_1_222' title='bbox 1056 3283 1093 3342; x_wconf 92' lang='lat' dir='ltr'>de</span> <span class='ocrx_word' id='word_1_223' title='bbox 1111 3283 1271 3344; x_wconf 90' lang='lat' dir='ltr'>Philomela</span> 
     </span>
     <span class='ocr_line' id='line_1_28' title="bbox 137 3378 1270 3461; baseline -0.001 -21"><span class='ocrx_word' id='word_1_224' title='bbox 137 3401 183 3453; x_wconf 82' lang='lat'>24,</span> <span class='ocrx_word' id='word_1_225' title='bbox 205 3389 234 3439; x_wconf 89' lang='lat' dir='ltr'>et</span> <span class='ocrx_word' id='word_1_226' title='bbox 259 3382 297 3439; x_wconf 89' lang='lat' dir='ltr'>ab</span> <span class='ocrx_word' id='word_1_227' title='bbox 317 3379 472 3439; x_wconf 86' lang='lat' dir='ltr'>Aldhelmo</span> <span class='ocrx_word' id='word_1_228' title='bbox 495 3381 531 3439; x_wconf 93' lang='lat' dir='ltr'>de</span> <span class='ocrx_word' id='word_1_229' title='bbox 556 3399 586 3438; x_wconf 92' lang='lat' dir='ltr'>re</span> <span class='ocrx_word' id='word_1_230' title='bbox 608 3379 805 3439; x_wconf 87' lang='lat' dir='ltr'>Grammatica</span> <span class='ocrx_word' id='word_1_231' title='bbox 826 3378 908 3454; x_wconf 80' lang='lat' dir='ltr'>(Mai,</span> <span class='ocrx_word' id='word_1_232' title='bbox 930 3378 1015 3439; x_wconf 87' lang='lat' dir='ltr'>Auct.</span> <span class='ocrx_word' id='word_1_233' title='bbox 1038 3379 1130 3440; x_wconf 87' lang='lat' dir='ltr'>Class.</span> <span class='ocrx_word' id='word_1_234' title='bbox 1144 3380 1181 3439; x_wconf 90' lang='lat' dir='ltr'>V.</span> <span class='ocrx_word' id='word_1_235' title='bbox 1198 3380 1270 3461; x_wconf 87' lang='lat'>569)</span> 
     </span>
     <span class='ocr_line' id='line_1_29' title="bbox 134 3478 1270 3556; baseline 0.001 -18"><span class='ocrx_word' id='word_1_236' title='bbox 134 3479 265 3556; x_wconf 91' lang='lat' dir='ltr'>largioris</span> <span class='ocrx_word' id='word_1_237' title='bbox 299 3479 516 3555; x_wconf 83' lang='lat' dir='ltr'>significationIs</span> <span class='ocrx_word' id='word_1_238' title='bbox 550 3478 725 3538; x_wconf 88' lang='lat' dir='ltr'>uocabulum</span> <span class='ocrx_word' id='word_1_239' title='bbox 758 3479 795 3537; x_wconf 93' lang='lat' dir='ltr'>de</span> <span class='ocrx_word' id='word_1_240' title='bbox 829 3478 942 3554; x_wconf 87' lang='lat' dir='ltr'>gallinis</span> <span class='ocrx_word' id='word_1_241' title='bbox 973 3478 1076 3537; x_wconf 81' lang='lat' dir='ltr'>dIcitur</span> <span class='ocrx_word' id='word_1_242' title='bbox 1108 3480 1270 3539; x_wconf 88' lang='lat' dir='ltr'>secundum</span> 
     </span>
     <span class='ocr_line' id='line_1_30' title="bbox 134 3572 1282 3654; baseline 0.001 -18"><span class='ocrx_word' id='word_1_243' title='bbox 134 3577 266 3636; x_wconf 91' lang='lat' dir='ltr'>Nonium</span> <span class='ocrx_word' id='word_1_244' title='bbox 286 3596 314 3654; x_wconf 92' lang='lat' dir='ltr'>p.</span> <span class='ocrx_word' id='word_1_245' title='bbox 334 3577 389 3650; x_wconf 86' lang='lat'>156</span> <span class='ocrx_word' id='word_1_246' title='bbox 404 3576 450 3635; x_wconf 88' lang='lat' dir='ltr'>uel</span> <span class='ocrx_word' id='word_1_247' title='bbox 472 3572 570 3653; x_wconf 83' lang='lat' dir='ltr'>pullis²</span> <span class='ocrx_word' id='word_1_248' title='bbox 591 3575 629 3633; x_wconf 92' lang='lat' dir='ltr'>ib.</span> <span class='ocrx_word' id='word_1_249' title='bbox 640 3593 668 3651; x_wconf 93' lang='lat' dir='ltr'>p.</span> <span class='ocrx_word' id='word_1_250' title='bbox 685 3589 744 3649; x_wconf 83' lang='lat'>450</span> <span class='ocrx_word' id='word_1_251' title='bbox 764 3575 812 3634; x_wconf 88' lang='lat' dir='ltr'>uel</span> <span class='ocrx_word' id='word_1_252' title='bbox 828 3576 925 3652; x_wconf 90' lang='lat' dir='ltr'>pueris</span> <span class='ocrx_word' id='word_1_253' title='bbox 939 3574 1170 3654; x_wconf 85' lang='lat' dir='ltr'>(Reyfferscbeid</span> <span class='ocrx_word' id='word_1_254' title='bbox 1185 3581 1282 3652; x_wconf 79' lang='lat'>248),</span> 
     </span>
     <span class='ocr_line' id='line_1_31' title="bbox 133 3673 1267 3752; baseline 0 -18"><span class='ocrx_word' id='word_1_255' title='bbox 133 3687 163 3734; x_wconf 92' lang='lat' dir='ltr'>et</span> <span class='ocrx_word' id='word_1_256' title='bbox 190 3675 257 3734; x_wconf 92' lang='lat' dir='ltr'>hinc</span> <span class='ocrx_word' id='word_1_257' title='bbox 291 3673 446 3752; x_wconf 91' lang='lat' dir='ltr'>pipulum</span> <span class='ocrx_word' id='word_1_258' title='bbox 481 3673 654 3733; x_wconf 87' lang='lat' dir='ltr'>declinatum</span> <span class='ocrx_word' id='word_1_259' title='bbox 689 3691 752 3732; x_wconf 89' lang='lat' dir='ltr'>esse</span> <span class='ocrx_word' id='word_1_260' title='bbox 787 3673 874 3733; x_wconf 89' lang='lat' dir='ltr'>docet</span> <span class='ocrx_word' id='word_1_261' title='bbox 901 3674 994 3734; x_wconf 90' lang='lat' dir='ltr'>Varro</span> <span class='ocrx_word' id='word_1_262' title='bbox 1015 3675 1049 3734; x_wconf 93' lang='lat' dir='ltr'>L.</span> <span class='ocrx_word' id='word_1_263' title='bbox 1064 3674 1098 3734; x_wconf 92' lang='lat' dir='ltr'>L.</span> <span class='ocrx_word' id='word_1_264' title='bbox 1113 3674 1181 3734; x_wconf 92' lang='lat' dir='ltr'><strong>VII.</strong></span> <span class='ocrx_word' id='word_1_265' title='bbox 1200 3695 1267 3752; x_wconf 86' lang='grc' dir='ltr'>ιο3.</span> 
     </span>
     <span class='ocr_line' id='line_1_32' title="bbox 134 3771 1270 3851; baseline 0.001 -18"><span class='ocrx_word' id='word_1_266' title='bbox 134 3774 230 3834; x_wconf 87' lang='lat' dir='ltr'>Huius</span> <span class='ocrx_word' id='word_1_267' title='bbox 253 3773 463 3833; x_wconf 86' lang='lat' dir='ltr'>deminutiuum</span> <span class='ocrx_word' id='word_1_268' title='bbox 482 3790 648 3849; x_wconf 88' lang='lat' dir='ltr'>quanquam</span> <span class='ocrx_word' id='word_1_269' title='bbox 669 3772 715 3831; x_wconf 93' lang='lat' dir='ltr'>uel</span> <span class='ocrx_word' id='word_1_270' title='bbox 736 3772 766 3830; x_wconf 94' lang='lat' dir='ltr'>in</span> <span class='ocrx_word' id='word_1_271' title='bbox 786 3773 797 3830; x_wconf 93' lang='lat' dir='ltr'>i</span> <span class='ocrx_word' id='word_1_272' title='bbox 816 3773 864 3830; x_wconf 91' lang='lat' dir='ltr'>uel</span> <span class='ocrx_word' id='word_1_273' title='bbox 884 3791 905 3830; x_wconf 93' lang='lat' dir='ltr'>u</span> <span class='ocrx_word' id='word_1_274' title='bbox 920 3771 1037 3832; x_wconf 90' lang='lat' dir='ltr'>formari</span> <span class='ocrx_word' id='word_1_275' title='bbox 1057 3783 1179 3851; x_wconf 89' lang='lat' dir='ltr'>poterat,</span> <span class='ocrx_word' id='word_1_276' title='bbox 1199 3785 1232 3833; x_wconf 90' lang='lat' dir='ltr'>ut</span> <span class='ocrx_word' id='word_1_277' title='bbox 1252 3793 1270 3834; x_wconf 91' lang='lat' dir='ltr'>a</span> 
     </span>
     <span class='ocr_line' id='line_1_33' title="bbox 133 3869 1269 3949; baseline 0 -18"><span class='ocrx_word' id='word_1_278' title='bbox 133 3873 220 3948; x_wconf 87' lang='lat' dir='ltr'>uagio</span> <span class='ocrx_word' id='word_1_279' title='bbox 243 3871 323 3931; x_wconf 88' lang='lat' dir='ltr'>uenit</span> <span class='ocrx_word' id='word_1_280' title='bbox 350 3871 396 3930; x_wconf 90' lang='lat' dir='ltr'>uel</span> <span class='ocrx_word' id='word_1_281' title='bbox 421 3871 518 3948; x_wconf 89' lang='lat' dir='ltr'>uagilo</span> <span class='ocrx_word' id='word_1_282' title='bbox 541 3871 588 3930; x_wconf 89' lang='lat' dir='ltr'>uel</span> <span class='ocrx_word' id='word_1_283' title='bbox 613 3870 728 3946; x_wconf 89' lang='lat' dir='ltr'>uagulo,</span> <span class='ocrx_word' id='word_1_284' title='bbox 752 3869 900 3947; x_wconf 86' lang='lat' dir='ltr'>pipilare</span> <span class='ocrx_word' id='word_1_285' title='bbox 925 3889 993 3930; x_wconf 89' lang='lat' dir='ltr'>cum</span> <span class='ocrx_word' id='word_1_286' title='bbox 1015 3870 1161 3949; x_wconf 89' lang='lat' dir='ltr'>Scaligero</span> <span class='ocrx_word' id='word_1_287' title='bbox 1186 3888 1269 3949; x_wconf 89' lang='lat' dir='ltr'>prae-</span> 
     </span>
     <span class='ocr_line' id='line_1_34' title="bbox 133 3967 1268 4047; baseline 0.002 -19"><span class='ocrx_word' id='word_1_288' title='bbox 133 3970 284 4030; x_wconf 88' lang='lat' dir='ltr'>ferendum</span> <span class='ocrx_word' id='word_1_289' title='bbox 312 3987 428 4041; x_wconf 89' lang='lat' dir='ltr'>censeo,</span> <span class='ocrx_word' id='word_1_290' title='bbox 459 3979 520 4028; x_wconf 89' lang='lat' dir='ltr'>tum</span> <span class='ocrx_word' id='word_1_291' title='bbox 548 3968 628 4046; x_wconf 90' lang='lat' dir='ltr'>quod</span> <span class='ocrx_word' id='word_1_292' title='bbox 656 3969 686 4027; x_wconf 89' lang='lat' dir='ltr'>in</span> <span class='ocrx_word' id='word_1_293' title='bbox 713 3967 818 4028; x_wconf 88' lang='lat' dir='ltr'>Catulli</span> <span class='ocrx_word' id='word_1_294' title='bbox 845 3970 995 4029; x_wconf 92' lang='lat' dir='ltr'>codicibus</span> <span class='ocrx_word' id='word_1_295' title='bbox 1021 3971 1179 4047; x_wconf 90' lang='lat' dir='ltr'>pipulare</span> <span class='ocrx_word' id='word_1_296' title='bbox 1207 3989 1268 4030; x_wconf 92' lang='lat' dir='ltr'>non</span> 
     </span>
     <span class='ocr_line' id='line_1_35' title="bbox 133 4066 1269 4149; baseline -0.001 -19"><span class='ocrx_word' id='word_1_297' title='bbox 133 4070 265 4141; x_wconf 86' lang='lat' dir='ltr'>occurrit,</span> <span class='ocrx_word' id='word_1_298' title='bbox 279 4069 387 4128; x_wconf 89' lang='lat' dir='ltr'>habent</span> <span class='ocrx_word' id='word_1_299' title='bbox 407 4069 486 4127; x_wconf 89' lang='lat' dir='ltr'>enirn</span> <span class='ocrx_word' id='word_1_300' title='bbox 507 4079 555 4128; x_wconf 90' lang='lat' dir='ltr'>aut</span> <span class='ocrx_word' id='word_1_301' title='bbox 575 4069 731 4144; x_wconf 89' lang='lat' dir='ltr'>piplabat</span> <span class='ocrx_word' id='word_1_302' title='bbox 752 4080 802 4128; x_wconf 90' lang='lat' dir='ltr'>aut</span> <span class='ocrx_word' id='word_1_303' title='bbox 821 4066 1044 4149; x_wconf 79' lang='lat' dir='ltr'>pIpil(l)abat,</span> <span class='ocrx_word' id='word_1_304' title='bbox 1062 4078 1124 4128; x_wconf 89' lang='lat' dir='ltr'>tum</span> <span class='ocrx_word' id='word_1_305' title='bbox 1139 4070 1219 4146; x_wconf 93' lang='lat' dir='ltr'>quod</span> <span class='ocrx_word' id='word_1_306' title='bbox 1238 4071 1269 4129; x_wconf 94' lang='lat' dir='ltr'>in</span> 
     </span>
    </p>
   </div>
   <div class='ocr_carea' id='block_1_7' title="bbox 130 4263 1269 4496">
    <p class='ocr_par' dir='ltr' id='par_1_7' title="bbox 130 4263 1269 4496">
     <span class='ocr_line' id='line_1_36' title="bbox 167 4263 1269 4329; baseline 0.003 -16"><span class='ocrx_word' id='word_1_307' title='bbox 167 4263 173 4293; x_wconf 88' lang='lat'>¹</span> <span class='ocrx_word' id='word_1_308' title='bbox 191 4267 287 4328; x_wconf 88' lang='lat' dir='ltr'>Piplre</span> <span class='ocrx_word' id='word_1_309' title='bbox 305 4268 333 4313; x_wconf 88' lang='lat' dir='ltr'>de</span> <span class='ocrx_word' id='word_1_310' title='bbox 351 4267 416 4328; x_wconf 86' lang='lat' dir='ltr'>pullis</span> <span class='ocrx_word' id='word_1_311' title='bbox 433 4275 524 4328; x_wconf 77' lang='lat' dir='ltr'>usurpat</span> <span class='ocrx_word' id='word_1_312' title='bbox 540 4266 667 4314; x_wconf 80' lang='lat' dir='ltr'>Columella</span> <span class='ocrx_word' id='word_1_313' title='bbox 681 4266 709 4314; x_wconf 91' lang='lat' dir='ltr'>V.</span> <span class='ocrx_word' id='word_1_314' title='bbox 721 4267 744 4314; x_wconf 89' lang='lat'>8.</span> <span class='ocrx_word' id='word_1_315' title='bbox 757 4279 786 4329; x_wconf 85' lang='lat'>14</span> <span class='ocrx_word' id='word_1_316' title='bbox 798 4266 968 4314; x_wconf 74' lang='lat' dir='ltr'>animaduertat</span> <span class='ocrx_word' id='word_1_317' title='bbox 984 4281 1015 4312; x_wconf 80' lang='lat' dir='ltr'>au</span> <span class='ocrx_word' id='word_1_318' title='bbox 1031 4267 1094 4328; x_wconf 76' lang='lat' dir='ltr'>pulta·</span> <span class='ocrx_word' id='word_1_319' title='bbox 1109 4266 1206 4314; x_wconf 64' lang='lat' dir='ltr'>cucullis</span> <span class='ocrx_word' id='word_1_320' title='bbox 1223 4283 1269 4316; x_wconf 79' lang='lat' dir='ltr'>uua</span> 
     </span>
     <span class='ocr_line' id='line_1_37' title="bbox 130 4347 1267 4414; baseline 0 -17"><span class='ocrx_word' id='word_1_321' title='bbox 130 4349 494 4414; x_wconf 68' lang='lat' dir='ltr'>pwcuderiatetuuscuiteturan</span> <span class='ocrx_word' id='word_1_322' title='bbox 510 4349 634 4411; x_wconf 77' lang='lat' dir='ltr'>pipiant.</span> <span class='ocrx_word' id='word_1_323' title='bbox 669 4349 728 4396; x_wconf 89' lang='lat' dir='ltr'>Ilinc</span> <span class='ocrx_word' id='word_1_324' title='bbox 745 4349 837 4410; x_wconf 92' lang='lat' dir='ltr'>pipio,</span> <span class='ocrx_word' id='word_1_325' title='bbox 855 4350 917 4396; x_wconf 86' lang='lat' dir='ltr'>onis</span> <span class='ocrx_word' id='word_1_326' title='bbox 934 4349 986 4398; x_wconf 69' lang='grc' dir='ltr'>ιιι.</span> <span class='ocrx_word' id='word_1_327' title='bbox 1001 4347 1074 4409; x_wconf 85' lang='lat' dir='ltr'>pullus</span> <span class='ocrx_word' id='word_1_328' title='bbox 1092 4349 1165 4396; x_wconf 82' lang='lat' dir='ltr'>adhuc</span> <span class='ocrx_word' id='word_1_329' title='bbox 1181 4349 1267 4411; x_wconf 84' lang='lat' dir='ltr'>pipIeus</span> 
     </span>
     <span class='ocr_line' id='line_1_38' title="bbox 133 4433 369 4496; baseline 0.004 -17"><span class='ocrx_word' id='word_1_330' title='bbox 133 4435 222 4481; x_wconf 87' lang='lat' dir='ltr'>uidetur</span> <span class='ocrx_word' id='word_1_331' title='bbox 233 4433 369 4496; x_wconf 82' lang='lat' dir='ltr'>prousnIsse.</span> 
     </span>
    </p>
   </div>
   <div class='ocr_carea' id='block_1_8' title="bbox 0 0 1576 5059">
    <p class='ocr_par' dir='ltr' id='par_1_8' title="bbox 0 0 1576 5059">
     <span class='ocr_line' id='line_1_39' title="bbox 0 0 1576 5059; baseline 0 0"><span class='ocrx_word' id='word_1_332' title='bbox 0 0 1576 5059; x_wconf 95' lang='lat' dir='ltr'> </span> 
     </span>
    </p>
   </div>
  </div>
 </body>
</html>
