3142 5059
327 316 387 373 2⁴4
727 310 784 369 DE
813 310 1075 371 PARTITIONE

326 494 372 557 Ex
386 494 432 554 his
445 495 562 555 duobus
575 494 649 555 locis
668 494 739 553 niter
753 492 923 571 (uo-264)
938 494 1059 553 nomina
1078 493 1166 551 habet
1186 491 1363 561 Nereidum,
1380 498 1483 563 usqi·

325 592 483 661 πεντήκοντα
505 591 624 664 ἀμύμονα
644 592 699 664 ἔργ’
721 594 832 657 ἀδικῶν,
855 592 927 651 alter
949 592 1118 668 (346-370)
1144 590 1268 649 filiarum
1294 590 1436 669 Tethyos
1458 605 1483 648 et

327 688 458 761 Oceani;
479 690 632 766 potuitque
654 688 806 748 Hesiodus
827 690 956 765 quinque
977 700 1005 747 et
1026 690 1128 765 uiginti
1150 706 1253 748 uersus
1275 688 1324 747 bis
1349 690 1482 765 posuisse

327 804 365 847 eo
378 787 501 847 consilio
514 797 548 846 ut
561 788 604 846 sic
618 786 758 846 confieret
771 788 876 863 plenus
896 787 942 845 ille
962 804 1100 846 numerus
1117 788 1332 865 quinquaginta
1351 786 1481 846 dearum

327 884 404 944 Illud
421 896 499 945 cette
517 885 741 945 memorandum
762 886 885 957 uidetur,
899 885 981 962 quod
1000 885 1140 944 nonnulla
1159 903 1195 943 ex
1213 886 1390 943 nominibus
1404 904 1480 943 corn-

327 982 428 1041 munia
455 992 523 1042 sunt
550 982 700 1059 utriusque
725 982 793 1053 loci,
821 982 909 1041 ueluti
936 981 1079 1055 Pasithea,
1105 982 1202 1053 Doris,
1227 980 1360 1052 Eudore,
1387 982 1479 1042 ‘lhoc

328 1076 394 1139 nm
409 1094 549 1155 uraca
570 1102 602 1131 =
621 1093 805 1153 sensatus

406 1244 868 1303 9015²9=333²3333333
898 1236 1086 1286 numerantur
1105 1226 1184 1286 enim
1206 1236 1264 1285 tres
1285 1224 1405 1299 Horae,
1427 1239 1478 1285 tres

328 1322 447 1393 Parcae,
475 1334 533 1383 tres
561 1322 688 1395 Gratiae,
715 1324 774 1384 lilia
802 1320 915 1385 Cereris
942 1336 972 1383 ct
996 1324 1086 1395 louis,
1113 1322 1219 1383 Musae
1243 1322 1327 1383 Iouis
1352 1324 1432 1383 filiae
1453 1336 1480 1381 et

329 1420 549 1497 Mnemosyncs,
574 1420 684 1499 Apollo
711 1431 741 1481 et
767 1420 865 1481 Diana
894 1422 953 1483 nati
981 1421 1055 1482 Ioue
1082 1434 1111 1481 et
1138 1420 1262 1491 Latona,
1286 1420 1380 1481 Hebe
1410 1422 1479 1480 Ares

328 1520 483 1599 Eileithyia
495 1520 570 1581 Ioue
588 1533 619 1582 et
632 1520 724 1595 Hera,
738 1523 857 1583 Athena
871 1523 952 1583 louis
972 1533 1037 1583 orta
1057 1524 1094 1583 de
1115 1524 1219 1600 eapite,
1231 1522 1390 1583 Vulcanus
1409 1524 1479 1583 filius

330 1618 437 1678 Herae.

369 1717 406 1777 ln
426 1716 562 1777 Herculis
581 1716 672 1776 Scuto
691 1726 723 1775 ut
741 1718 836 1776 oratio
856 1714 992 1777 Herculis
1011 1716 1049 1775 ad
1066 1694 1179 1775 Iolaum
1196 1716 1314 1791 78-101
1337 1738 1371 1769 =
1391 1720 1479 1793 8x3,

328 1818 368 1875 ita
384 1816 475 1893 ipsius
493 1814 568 1875 scuti
584 1814 741 1890 descriptio
755 1816 900 1888 συμμπρίᾳ
914 1814 1042 1892 quedam
1059 1814 1146 1873 utitur
1159 1814 1294 1891 partium,
1308 1832 1479 1892 quanquam

328 1913 427 1972 minus
441 1922 577 1971 accurata
590 1911 809 1987 termhtataquc.
1282 1931 1287 1941 ·

371 2007 562 2069 Theocritum
586 2007 711 2085 Eidyllia
735 2026 790 2067 sua
813 2008 843 2067 in
864 2018 961 2085 partes
982 2008 1163 2067 distribuisse
1184 2018 1289 2085 sponte
1310 2008 1481 2085 intelbgitnr

328 2126 385 2167 nec
398 2108 555 2184 quisquam
568 2116 613 2166 est
626 2106 677 2182 qui
691 2106 723 2165 in
735 2108 882 2177 bubalus
899 2106 930 2165 id
946 2117 1035 2182 neget
1048 2106 1167 2177 facturn,
1182 2123 1353 2182 quanquam
1368 2108 1409 2165 de
1425 2110 1481 2167 sin·

328 2206 405 2282 gulis
418 2205 597 2265 carminibus
610 2204 659 2263 alii
672 2202 728 2263 elia
741 2204 878 2263 sentiunt.
921 2202 982 2263 Sed
995 2220 1056 2263 non
1071 2202 1208 2280 strophae
1226 2214 1341 2261 tantum
1356 2220 1481 2282 respon-

329 2304 399 2364 dent
412 2302 610 2379 antistrophis,
623 2301 712 2378 idque
726 2301 898 2378 plerumque
912 2310 973 2359 tam
986 2312 1088 2360 exacte
1102 2310 1133 2361 ut
1151 2300 1182 2360 in
1196 2300 1325 2376 utrisque
1343 2302 1430 2361 idem
1447 2304 1482 2361 sit

329 2418 468 2461 numenu
488 2397 650 2471 uersuum¹,
671 2399 726 2459 sed
745 2408 775 2459 ct
796 2399 1025 2458 amoebaeorum
1046 2398 1211 2457 canninum
1232 2416 1295 2457 eae-
1307 2408 1410 2473 partes
1434 2400 1483 2459 ubi

329 2517 391 2557 non
411 2500 525 2559 canitur
546 2498 673 2571 alternis,
689 2507 719 2557 et
735 2496 866 2557 carmina
879 2514 955 2574 quse
974 2497 1057 2555 omni
1075 2496 1264 2555 alternatione
1286 2506 1389 2554 carent
1413 2515 1482 2557 mn-

328 2598 461 2668 tantium,
476 2608 539 2657 rata
557 2598 687 2683 quadam
706 2614 897 2657 numerontm
918 2596 1121 2674 aequabilitate
1142 2604 1289 2672 reguntur.
1331 2594 1483 2674 Exemplo

328 2696 366 2754 sit
384 2694 450 2754 Eid.
466 2693 497 2755 ΙΙ
517 2694 727 2769 supposuimus,
749 2694 832 2771 quod
855 2694 886 2752 in
911 2694 1020 2753 amisso
1041 2693 1172 2771 quodam
1194 2694 1323 2752 carmine
1347 2692 1483 2755 Catullus

328 2792 454 2851 imitatus
486 2788 635 2851 credituri
692 2791 880 2851 Prooemium
914 2791 1002 2852 habet
1034 2791 1164 2850 sedecim
1192 2806 1330 2849 uersuum
1358 2792 1411 2867 qui
1441 2792 1482 2849 sic

328 2890 497 2951 diuiduntur
526 2890 625 2970 7(34)
643 2910 659 2950 a
680 2905 695 2966 7
713 2890 799 2970 (43);
829 2900 967 2951 secuntur
998 2889 1101 2951 decem
1132 2888 1270 2966 strophae
1301 2906 1340 2947 ex
1372 2891 1482 2966 qmbus

328 2989 440 3064 priores
464 2998 532 3047 octo
556 3002 574 3063 5
598 3006 710 3060 uersus,
732 3000 899 3066 postremae
923 2988 999 3047 duae
1018 2990 1036 3045 6
1055 2988 1172 3059 habent,
1196 3004 1301 3045 omnes
1325 2996 1429 3045 autem
1451 2988 1481 3045 in

328 3086 411 3146 initio
429 3096 565 3163 repetunt
572 3084 657 3161 Ἰνγξ,
671 3087 734 3143 intr
746 3090 778 3143 ri»
791 3090 869 3157 τῆνον
882 3088 944 3157 ἐμὸν
957 3086 1019 3141 ποτὶ
1031 3087 1103 3157 δῶμα
1115 3088 1163 3142 τὸν
1176 3086 1274 3157 ἄνδρας
1296 3093 1361 3143 tum
1382 3096 1481 3162 parles

328 3184 484 3245 duodecim
497 3203 573 3262 quae
592 3202 697 3245 omnes
713 3184 827 3243 initium
841 3184 951 3249 ducunt
965 3200 982 3241 a
996 3200 1083 3243 uersu
1097 3184 1195 3256 opacet
1207 3203 1256 3253 μω
1269 3182 1316 3237 τὸν
1329 3182 1407 3255 ipae
1422 3184 1482 3240 ὅθεν

327 3283 406 3353 ineo,
425 3285 509 3341 πότνα
526 3286 641 3348 Σελάνας
663 3300 701 3341 er
719 3281 765 3341 his
783 3280 921 3341 undecim
941 3283 958 3338 6
976 3298 1078 3341 uersus
1097 3280 1215 3351 habent,
1230 3277 1408 3339 duodecima
1432 3298 1479 3357 32.

328 3383 432 3461 Itaque
446 3394 540 3445 totum
553 3398 674 3443 carmen
688 3380 746 3441 hoe
760 3380 853 3441 modo
867 3380 1045 3441 distribuittu

653 3542 683 3578 ro
694 3530 802 3591 strophae
969 3538 996 3579 ιι
1011 3529 1118 3590 enopbre

557 3616 592 3671 ι6
615 3658 622 3673 .
647 3626 807 3687 55555555
823 3613 862 3669 66
886 3654 893 3669 .
915 3612 1139 3670 66666666666
1184 3630 1220 3686 32

328 3736 389 3845 Qui
417 3778 515 3827 autem
543 3786 682 3827 numerus
709 3768 740 3826 in
768 3768 912 3845 principio
940 3768 1053 3843 positus
1085 3777 1138 3837 est,
1167 3766 1332 3844 duplicatur
1362 3768 1395 3826 in
1422 3766 1476 3825 fine

333 3867 630 3939 1-16--135-166.
680 3865 797 3925 Eadem
829 3866 902 3925 ratio
935 3876 979 3925 est
1009 3864 1113 3924 EidI
1141 3865 1223 3926 cuius
1256 3865 1474 3943 quatuordecim

327 3962 461 4033 uersibus
487 3963 539 4040 qni
566 3964 597 4021 in
624 3964 767 4041 principio
796 3973 873 4023 stant
895 3958 1002 4041 (1-14)
1025 3972 1139 4041 septem
1168 3962 1199 4023 in
1226 3962 1284 4022 fine
1309 3958 1475 4042 (146-152)

361 4188 368 4217 ¹
388 4190 414 4236 ln
426 4188 466 4237 1v.
480 4196 559 4252 29-37
571 4188 680 4249 Corydon
692 4204 777 4236 nouem
790 4205 874 4247 uersus,
888 4202 969 4251 44-55
983 4190 1064 4238 listins
1076 4190 1156 4237 decem
1168 4190 1238 4237 canit.
1270 4188 1358 4236 Eodem
1370 4188 1440 4235 ruodo
1451 4188 1470 4231 in

328 4274 391 4321 vnt.
403 4270 485 4335 ⁶s-70
498 4272 615 4318 Menalcas
626 4279 689 4325 octo,
708 4270 789 4331 72-80
802 4272 904 4333 Daphnis
917 4286 1009 4321 nouem.

360 4354 370 4383 ¹
386 4356 443 4403 Plin.
456 4356 486 4404 li.
495 4354 526 4402 N.
537 4353 645 4402 xxvnt.
658 4364 695 4417 19.
