3142 5059
549 403 608 462 nl)
632 402 739 465 XCIX.
758 425 783 476 a,
802 425 849 481 13·
1214 410 1273 465 337

128 581 262 642 Catullus
286 600 346 660 quo
368 581 477 644 Plinius
499 584 683 645 cochlearum
706 594 870 645 ostreorum
894 603 1093 664 purpurarum.
1124 585 1195 644 V.8
1218 587 1273 643 ab·

128 681 251 741 stersti
278 680 347 742 Ter.
368 682 444 742 Eun.
466 682 518 742 IV.
543 697 608 759 7.9
637 684 818 761 abstergerem
844 686 971 744 ιιιιίιιιτα.
1016 685 1155 745 Primario
1183 700 1274 743 sensu

128 778 258 840 labella
284 781 488 857 abstergere
508 781 606 858 posuit
620 781 739 842 Plautus
752 784 835 842 Asin.
850 782 903 842 IV.
922 801 947 841 r.
963 797 1000 858 52

334 933 417 1006 Quod
426 935 476 995 illa
490 943 579 994 aulem
593 937 702 996 semidei
712 937 927 1014 quasr'grauede
933 937 1061 1013 prmum

331 1033 396 1093 Hoc
408 1053 441 1092 ne
453 1034 604 1113 sz'esaerizt
617 1043 648 1094 tu
668 1035 834 1094 labellum
854 1036 1060 1110 abstergeas

330 1131 432 1192 Potries
445 1152 527 1210 quam
541 1135 684 1211 qumquam
698 1133 913 1212 sauziemsaciat
921 1134 1016 1210 palam

126 1297 216 1357 quem
230 1279 278 1339 hic
292 1278 437 1339 Catullum
451 1281 593 1340 imitatum
607 1281 695 1341 luisse
709 1280 888 1341 crediderim.

167 1377 252 1438 Haec
263 1380 332 1438 satis
341 1379 453 1438 suntad
465 1380 724 1440 demonstrandum
739 1379 769 1439 id
780 1380 861 1456 quod
874 1379 942 1450 dixi,
954 1379 1006 1438 toti
1017 1377 1136 1438 carmini
1151 1377 1271 1437 subesse

125 1476 237 1553 aliquid
261 1475 341 1553 quod
364 1477 402 1536 ad
426 1477 601 1538 medicinam
626 1478 775 1554 pertineat.
823 1477 889 1536 Iure
911 1477 997 1554 igitur
1020 1477 1078 1536 huc
1101 1476 1271 1535 ambrosion

125 1577 264 1637 retuleris.
319 1576 497 1655 Quanquam
522 1579 600 1637 enim
627 1577 810 1643 ambrosia,
838 1595 909 1649 non,
935 1587 1078 1654 quantum
1107 1577 1178 1648 scio,
1206 1593 1272 1634 am-

126 1676 273 1735 brosion
301 1693 434 1734 simmae
455 1674 615 1752 dulcedinis
636 1675 807 1751 plerumque
833 1674 955 1733 habetur
978 1673 1154 1749 exemplum,
1179 1683 1211 1734 ut
1233 1675 1272 1733 ab

125 1773 220 1850 Ibyco
238 1774 316 1850 apud
332 1773 514 1832 Athenaeum
534 1772 573 1832 II.
589 1777 604 1844 ξ
621 1791 658 1848 39
680 1772 783 1833 dicitur
805 1777 852 1829 τοῦ
869 1772 977 1844 μέλιτος
997 1773 1183 1829 ἐννεαπλασίαν
1203 1775 1273 1845 ἔχειν

125 1871 284 1946 γλυκύτητα,
311 1871 348 1930 cl.
372 1871 657 1946 Eustath.1633.rr
689 1889 750 1931 non
778 1871 887 1932 idcirco
915 1869 1061 1929 Catullum
1095 1868 1272 1930 ambrosia

127 1967 236 2028 dixisse
250 1986 311 2028 non
325 1969 503 2028 ambrosio
517 1970 652 2046 argueris.
696 1968 775 2028 Nam
795 1970 820 2029 si
840 1968 1016 2027 ambrosia
1038 1967 1155 2028 dixisset
1176 1967 1273 2046 potuit

126 2067 260 2142 legentes
276 2067 373 2128 fallere
388 2068 531 2127 sententia
543 2067 616 2126 haec
629 2067 718 2128 altera
731 2068 891 2139 obscurior,
906 2085 981 2144 quae
995 2085 1063 2126 cum
1077 2065 1211 2143 primaria
1223 2065 1272 2126 illa

127 2164 323 2242 coniungitur.
364 2165 501 2225 Venisset
523 2167 602 2224 enim
626 2165 656 2224 in
678 2177 808 2225 mentem
830 2166 888 2224 cibi
910 2164 958 2225 uel
981 2165 1119 2242 potionis,
1141 2164 1272 2223 latuisset

127 2263 247 2322 herbae.
289 2263 381 2323 Idne
402 2264 491 2334 fieret,
507 2264 641 2324 consulto
655 2274 790 2323 neutrum
810 2264 987 2322 uocabulum
1009 2262 1187 2322 adhibiturus
1208 2271 1272 2320 erat

127 2378 190 2438 quo
204 2361 289 2420 simul
303 2362 424 2421 deorum
439 2362 518 2420 illum
532 2363 629 2421 cibum
644 2363 826 2439 exprimeret,
841 2362 926 2420 simul
940 2361 1123 2421 medicinam.

170 2460 234 2519 Iam
248 2460 399 2520 uideamus
413 2480 502 2537 quam
521 2460 642 2520 herbam
663 2461 825 2537 significare
846 2462 978 2538 potuerit.
1021 2459 1170 2518 Ambrosia
1191 2460 1269 2518 enirn

127 2569 160 2618 ut
180 2557 253 2616 Plini
269 2558 409 2634 (XXVII.
428 2561 477 2633 28)
500 2560 596 2619 uerbis
616 2569 689 2631 utar,
710 2561 782 2636 uagi
799 2561 917 2617 nomimis
936 2566 963 2616 el
980 2560 1055 2617 circa
1075 2559 1149 2616 alim
1169 2558 1271 2617 herbas

118 2657 257 2736 fluctuati
275 2677 358 2716 unam
378 2657 459 2716 babel
476 2666 586 2729 certam,
606 2658 715 2717 demam
737 2677 876 2717 ramosam
896 2665 1006 2728 tenuem,
1027 2659 1113 2715 lrriem
1121 2658 1190 2737 sere
1205 2657 1271 2731 pal-

126 2775 242 2826 morum,
263 2759 344 2815 tertia
367 2763 447 2831 parte
470 2757 563 2814 radice
589 2756 720 2828 breurbre,
730 2756 819 2834 solies
846 2763 927 2814 rutae
951 2758 1027 2815 m'rca
1050 2759 1133 2814 rmum
1157 2757 1269 2814 caudent.

127 2854 167 2916 In
181 2855 300 2912 ramulas
312 2873 398 2912 semen
411 2861 451 2912 est
464 2857 528 2912 uuis
541 2855 751 2930 dependentibus,
761 2855 842 2912 odore
855 2856 957 2925 ιιιίιοςο,
971 2874 1026 2931 qua
1037 2855 1069 2912 de
1080 2874 1166 2914 causa
1180 2855 1270 2931 botrys

127 2975 146 3013 α
165 2955 326 3031 qmbusdam
343 2961 466 3026 uocatur,
482 2954 517 3013 ab
535 2957 602 3013 αἰιϊι
617 2957 770 3014 artemisia.
814 2955 905 3014 Simili
922 2956 1013 3015 modo
1026 2954 1126 3015 Diosc.
1141 2955 1196 3016 111.
1212 2975 1268 3032 119

127 3052 178 3128 qui
192 3071 258 3111 eam
272 3058 304 3124 τῇ
318 3054 387 3125 ὀσμῇ
402 3055 494 3124 οἰνώδη
509 3053 585 3112 dicit
628 3053 698 3114 Huc
718 3054 860 3113 relaturus
880 3073 961 3113 eram
975 3053 1080 3114 Catulli
1091 3056 1269 3128 ambrosion,

127 3151 184 3210 nisi
212 3169 260 3210 me
288 3150 469 3211 Dioscoridis
496 3163 670 3212 auocassent
697 3155 795 3223 uerba,
824 3153 861 3211 de
889 3153 973 3211 aizoo
1001 3151 1075 3212 haec
1108 3154 1268 3213 scribentis.

125 3250 246 3318 Ἀεόζοοον
258 3251 289 3306 τό
301 3253 368 3324 μέγα
382 3252 528 3321 ὠνόμοσται
542 3252 584 3306 bd
597 3253 628 3307 τό
641 3251 759 3309 ἀειθαλὲς
772 3258 823 3306 τῶν
836 3249 956 3324 φόλλον·
978 3253 1004 3306 oi
1022 3253 1051 3306 δὲ
1069 3252 1187 3309 ἀειθαλὲς
1201 3255 1227 3307 ol
1240 3255 1270 3308 bd

126 3347 283 3422 ἀμβρόσιον,
305 3351 331 3404 oi
350 3349 378 3404 bi
399 3349 598 3422 χρυσίσπερρον
612 3352 636 3404 οἶ
656 3351 685 3404 bi
707 3350 889 3420 ζονόφθολμον,
904 3351 929 3403 oi
949 3349 978 3404 δὲ
999 3347 1182 3420 βοῦφθολμον,
1197 3351 1222 3404 oi
1240 3351 1270 3406 bd

127 3445 299 3520 στέργηθρον,
311 3449 336 3502 oi
349 3447 377 3502 bi
391 3447 500 3517 αἰώνιον,
511 3449 536 3502 ol
549 3448 578 3502 δι’
591 3447 739 3520 ἀιίχρυσον,
750 3449 774 3502 οἶ
788 3447 817 3502 δὲ
830 3448 989 3518 ὁλόχρυσον,
999 3449 1024 3501 ol
1038 3449 1066 3501 δὲ
1079 3448 1269 3518 χρυσάνθιμον,

126 3547 152 3600 oi
166 3546 195 3600 bb
209 3544 384 3618 πρωτόγονον,
398 3547 423 3599 οἱ
436 3546 464 3600 δὲ
482 3547 569 3617 βόρος,
585 3547 610 3600 oi
629 3547 658 3600 δὲ
678 3547 769 3614 νότιοι,
784 3547 918 3617 προφῆται
937 3542 1096 3616 παρωνυχία,
1111 3547 1136 3599 oi
1156 3545 1185 3600 be*
1203 3568 1268 3618 χρυ·

127 3647 206 3710 σῖτις,
221 3641 338 3714 Ῥωμαῖοι
351 3642 543 3716 ιοιριοιιοόσσια,
558 3646 582 3698 οἱ
596 3643 624 3698 δὲ
637 3642 716 3710 Ἰόβις
728 3642 826 3713 sabbas,
841 3645 866 3698 oi
880 3643 908 3698 δὲ
922 3643 1047 3713 διοτετές,
1062 3645 1087 3699 oi
1100 3643 1129 3699 be*
1139 3645 1269 3715 σουδδιμ-

125 3743 192 3813 μῶρ,
215 3738 351 3813 Αἰγύπτιοι
377 3739 526 3813 παμφονὴς.
567 3741 659 3797 ubam
686 3741 709 3797 δ’
724 3743 751 3797 ε’ν
772 3744 863 3799 τόποις
887 3742 994 3815 ὀρεινοῖς
1015 3744 1057 3798 καὶ
1078 3743 1106 3797 ἐν
1133 3742 1270 3815 ὀστράκοις

125 3841 190 3894 ἔνιοι
211 3837 370 3911 φυτεύουσιν
390 3839 453 3892 αὐτὸ
473 3839 515 3894 ἐπὶ
536 3843 588 3894 τῶν
608 3839 759 3908 οἰκημάτων.
803 3838 915 3910 Δόναμιν
935 3838 958 3894 δ’
978 3841 1033 3912 ἔχει
1054 3841 1182 3911 ψυκτικὴν
1203 3841 1268 3898 στό-

126 3941 242 4012 φουσαν.
280 3935 351 3994 Plin.
367 3935 461 3995 XXV.
477 3939 534 3996 160
547 3936 634 3996 Aizoi
645 3937 697 3995 duo
706 3957 811 4014 genera
819 3957 835 4006 ,·
856 3939 947 3996 marias
961 3939 991 3994 in
996 3939 1133 4016 fictilibus
1146 3943 1269 4000 uascub's

125 4035 234 4094 serr'tur
255 4077 286 4092 ..
309 4077 316 4091 .
339 4078 345 4092 .
368 4077 375 4092 .
396 4041 463 4092 sunl
484 4037 536 4111 qui
559 4035 724 4094 ambrosiam
749 4042 850 4094 uocant
867 4043 894 4092 et
915 4037 967 4111 qui
986 4041 1163 4109 amerimnon,
1178 4037 1268 4098 Ilab'a

125 4132 219 4190 sedum
245 4150 376 4208 magnum
399 4138 451 4189 aut
475 4133 580 4192 eaelum
601 4139 653 4192 aul
672 4134 829 4210 dagrb'llum.
871 4133 956 4193 Haec
977 4153 1039 4194 non
1060 4137 1137 4194 male
1162 4135 1268 4196 Catulli

126 4231 193 4290 loco
209 4231 365 4289 conuenire
380 4231 509 4304 arbitror,
524 4249 593 4289 nam
607 4242 636 4290 et
650 4243 719 4291 nota
735 4232 826 4290 herba
845 4231 898 4290 luit
916 4245 951 4292 ac
971 4251 1047 4309 pene
1068 4233 1221 4305 familiaris,
1236 4246 1268 4295 ut

126 4325 253 4401 quaein
275 4325 409 4384 fictilibus
434 4335 496 4384 sata
518 4325 601 4384 suerit
622 4337 651 4384 et
677 4329 854 4386 amatoribus
877 4330 981 4387 usitata
1001 4329 1031 4388 id
1052 4329 1133 4405 quod
1157 4347 1266 4390 nomen

127 4424 289 4499 στέργηθρον
298 4424 414 4495 indicat,
424 4433 452 4483 et
460 4424 586 4484 elleboro
601 4424 661 4484 iure
675 4427 820 4500 opposita,
830 4444 903 4502 quae
918 4427 1095 4504 astringendi
1103 4428 1163 4487 uim
1178 4429 1268 4490 utilia

669 4544 725 4590 XX
