3142 5059
287 391 327 451 46
747 388 968 452 CATVLLI

372 574 440 638 lam
463 594 515 637 me
538 575 681 660 prodere,
705 577 770 639 iam
793 594 859 639 non
881 576 1010 639 dubitas
1032 576 1155 659 fallere,
1178 574 1318 660 perfide?

373 944 448 1011 Nec
469 946 556 1011 facta
577 948 679 1033 impia
701 948 852 1011 fallacum
874 948 1041 1011 hominum
1063 948 1228 1011 caelicolis
1251 948 1390 1032 placent.

372 1084 464 1170 Qae
487 1093 522 1147 tu
545 1086 685 1169 negligis
707 1106 745 1148 ac
768 1104 821 1147 me
843 1086 996 1148 miserum
1018 1086 1138 1149 deseris
1160 1087 1196 1148 in
1218 1086 1324 1148 malis.
1393 1088 1434 1168 (5)

371 1196 465 1261 Eheu
486 1195 563 1278 quid
585 1196 720 1281 iaciant,
742 1196 825 1282 dice,
847 1197 996 1260 homines
1017 1199 1111 1260 cuiue
1133 1197 1272 1259 habeant
1293 1195 1412 1260 fidem?

286 1434 364 1490 Κοινὰ
376 1435 404 1489 δι’
417 1434 596 1504 comparenti
608 1436 674 1505 ὅπερ
687 1435 729 1488 καὶ
740 1436 755 1489 d
768 1434 831 1489 eard
843 1433 938 1505 στίχον
948 1434 1096 1507 γεγράφθω
1107 1434 1218 1506 φάσκον
1228 1435 1307 1507 ipsein
1318 1434 1350 1489 ds
1360 1434 1435 1508 λίγοι

285 1510 327 1560 καί
339 1510 354 1560 d
367 1508 434 1597 κριτιλἱ
442 1505 572 1597 σύστημα,
585 1507 619 1563 ὣς
631 1508 662 1597 ed
673 1506 794 1597 θερτερον
804 1507 847 1559 καὶ
857 1508 945 1576 τρίτον
956 1510 1096 1597 Σαπφοῦς..
1125 1506 1167 1561 dod
1178 1508 1226 1598 μίν
1236 1508 1287 1578 γὰρ
1299 1509 1330 1596 ed
1342 1507 1370 1560 ἐν
1381 1511 1436 1563 eois·

284 1582 404 1633 παλαιοιο
419 1580 587 1648 αντιγροφοις
604 1599 667 1631 κατα
683 1578 729 1631 dvo
747 1598 811 1647 ορρν
821 1599 1069 1667 παραγιγραμρερον
1080 1599 1190 1631 ennoean
1200 1600 1273 1649 ηπμα
1282 1600 1329 1669 ¹suu
1341 1578 1379 1631 ίτι
1392 1578 1436 1633 διὰ

285 1650 315 1702 τὸ
329 1649 409 1717 μηδὲν
420 1648 586 1717 εὑρίσκεσθαι
602 1648 711 1717 ἀριθμοῦ
727 1652 848 1718 περιττοῦ
864 1670 928 1703 κατα
944 1670 1098 1717 συστηιιατα
1115 1650 1249 1717 νομίζομεν
1260 1650 1324 1702 aurei
1340 1650 1435 1721 γεγρά-

286 1720 362 1789 φθαι,
374 1720 454 1773 πόλιν
465 1720 494 1773 δι’
505 1722 541 1791 τῷ
555 1720 643 1788 ὅμοιον
654 1720 775 1788 indispar
786 1714 851 1773 εἶναι
862 1724 914 1772 τῶν
925 1720 954 1772 ίν
965 1724 996 1788 τῇ
1009 1720 1083 1773 δυάδι
1095 1721 1195 1790 στίχων
1206 1720 1249 1772 καὶ
1259 1722 1296 1791 τῷ
1310 1717 1435 1774 oisonem

285 1792 332 1847 τὴν
348 1790 483 1857 ποιήτριαν
501 1791 564 1843 κατὰ
582 1788 662 1860 τύχην
680 1790 736 1843 τινὰ
754 1790 845 1856 ἀρτίου
861 1792 945 1845 πάντα
962 1790 1073 1859 ἀριθμοῦ
1089 1790 1253 1859 πεποιηκέναι
1269 1790 1335 1859 φαίη
1350 1811 1390 1845 τιν
1404 1792 1438 1844 dr

286 1862 349 1914 κατὰ
368 1862 461 1931 στίχον
476 1860 540 1913 αὐτὰ
554 1860 711 1931 γεγράφθαι.
758 1862 936 1915 Choriarnbica
952 1872 1038 1915 aurem
1050 1863 1137 1929 fluisse
1152 1864 1270 1915 carmina
1287 1863 1387 1915 secundi
1402 1882 1436 1915 ae

286 1934 356 1986 tertii
373 1932 433 1985 libri
450 1932 563 2001 Sapphus
581 1932 649 1985 docet
665 1933 730 1985 idem
743 1944 772 2001 p.
786 1949 830 1999 42,
842 1938 893 1985 τίον
910 1933 945 1995 δι’,
955 1932 1135 2000 ἀκαταλήπτων
1152 1934 1182 1985 τὸ
1199 1933 1247 2000 μίν
1263 1934 1437 2002 πεντάμετρον

287 2006 400 2055 καλεῖται
413 2004 547 2070 Σοπφικὸν
563 2000 944 2072 τεσσερεσκαιδεκασῦλλαβον,
960 1999 1023 2074 piris
1035 2002 1155 2072 δεύτερον
1171 2007 1295 2071 Σαπφοῦς
1310 2004 1374 2057 ὅλον
1391 2003 1436 2074 γί-

285 2072 561 2143 γραπται,-Ἢρίμαν
579 2074 627 2139 μίν
647 2074 698 2144 ἐγὼ
718 2074 796 2128 σέθεν
808 2072 883 2127 Ἀτθὶ
897 2076 978 2127 πάλαι
995 2076 1072 2127 πθκα.
1108 2073 1168 2144 (fr.
1183 2072 1231 2142 37)
1261 2086 1291 2143 p.
1304 2078 1347 2136 60,
1360 2076 1391 2127 ed
1407 2075 1437 2127 δὲ

205 2172 210 2183 ·
286 2144 462 2212 ἀκατάληπτον
477 2146 591 2197 καλεῖται
606 2146 740 2213 Σαπφικὸν
755 2143 1034 2208 ίκκαιδεκασῦλλοβον,
1050 2140 1073 2216 φ
1088 2148 1118 2198 τὸ
1135 2146 1221 2213 τρίτον
1237 2145 1300 2197 ὅλον
1311 2148 1438 2215 Σαπφοῦς

285 2215 437 2285 γέγραπται,
450 2216 538 2268 πολλὰ
551 2216 577 2268 δί
591 2215 632 2269 καὶ
645 2214 767 2269 Ἀλκαίου
779 2214 1052 2285 ἄπρατα-Νύμφαις
1063 2218 1119 2271 ταῖς
1132 2218 1192 2270 Διὸς
1204 2217 1233 2282 ἐξ
1245 2215 1354 2285 αίγιόχοι
1365 2217 1438 2285 φασὶ

286 2284 450 2356 τεταγμέναις
462 2285 475 2355 (
476 2286 520 2352 fr.
530 2284 588 2354 85).
625 2286 665 2353 Cf.
678 2286 735 2339 Alc.
739 2286 784 2352 fr.
796 2304 838 2351 39,
849 2304 944 2354 4o,41,
955 2305 998 2352 42,
1008 2306 1051 2353 44,
1065 2292 1107 2353 82,
1122 2292 1164 2354 83,
1179 2292 1220 2352 84,
1235 2290 1277 2353 86,
1292 2292 1335 2351 87.
1371 2289 1436 2341 Hinc

285 2368 392 2427 apparet
401 2359 504 2411 tertium
513 2356 605 2409 librum
616 2358 728 2427 Sapphus
741 2360 884 2410 carminum
896 2360 993 2411 nonnisi
1005 2357 1184 2411 choriambicos
1196 2368 1357 2410 tetrametros
1369 2377 1437 2411 com-

280 2429 448 2498 prehendisse.
486 2428 538 2481 Nec
550 2428 684 2495 quidquam
697 2429 781 2481 obstat
789 2432 917 2497 quominus
926 2428 1015 2481 Alcaei
1026 2448 1117 2497 quoque
1127 2439 1152 2481 ei
1161 2429 1255 2481 Horati
1266 2429 1438 2482 choriambica

286 2502 404 2553 carolina
417 2498 480 2552 nord
492 2497 538 2551 dds
554 2502 650 2569 scripta
656 2500 768 2566 fuerint.
805 2502 900 2553 Σκολια
915 2510 981 2552 certe
1065 2500 1110 2552 hoc
1126 2511 1206 2552 metro
1221 2502 1318 2569 scripta
1333 2510 1439 2553 exstant

285 2570 356 2639 apud
367 2570 526 2623 Athmonon
537 2572 596 2623 XV.
610 2574 661 2635 ⁶95
675 2568 733 2639 (14,
747 2574 894 2637 17,18,19,
909 2588 951 2635 το,
966 2588 979 2621 a
985 2587 997 2635 3
1027 2573 1112 2623 omnia
1123 2582 1182 2623 sunt
1193 2571 1299 2623 duorum
1312 2590 1438 2625 uersuum,

288 2640 356 2693 Illud
372 2652 436 2693 certe
452 2641 582 2711 affirmari
594 2652 667 2709 posse
687 2642 794 2707 uidetur,
811 2642 878 2694 hanc
899 2642 1084 2710 descriptionem
1102 2641 1198 2695 Catulli
1218 2644 1328 2694 carmini
1348 2644 1440 2694 XXX

287 2711 373 2763 nselius
388 2730 465 2779 quam
475 2714 588 2781 priorem
604 2711 677 2764 illam
696 2712 758 2764 κατὰ
775 2712 907 2779 τέσσαρας
924 2715 1058 2765 ιοπνενιίτε.
1095 2714 1167 2765 Nam
1180 2723 1240 2781 post
1251 2732 1275 2765 ν.
1292 2730 1304 2777 3
1318 2712 1439 2766 nonnulla

286 2782 405 2835 excidisse
411 2794 474 2851 pene
480 2794 530 2851 pro
542 2793 607 2835 certo
620 2782 705 2835 habeo.
741 2784 859 2852 Langreet
869 2785 937 2836 enim
948 2799 1000 2835 nec
1014 2786 1042 2836 in
1053 2802 1078 2837 υ.
1091 2804 1107 2849 4
1120 2786 1169 2836 nisi
1179 2795 1317 2854 praeeunte
1331 2784 1372 2836 uel
1385 2800 1439 2837 nec

287 2852 327 2905 uel
337 2869 408 2919 non;
426 2853 511 2905 deinde
522 2868 592 2921 quae
604 2855 631 2906 in
643 2874 667 2906 υ.
682 2870 696 2919 5
710 2856 754 2905 uie
766 2854 843 2905 habes
853 2873 899 2921 quo
910 2855 1048 2921 referatur.

327 3084 350 3132 3.
386 3064 610 3135 Siccalpmaed.
627 3071 691 3132 1481
804 3066 862 3119 Iam
881 3080 925 3118 me
944 3064 1061 3133 prodere
1080 3065 1134 3119 iam
1152 3064 1193 3135 (ia
1212 3065 1254 3133 A)
1272 3080 1318 3117 me
1336 3081 1392 3118 non
1410 3064 1440 3119 d.

290 3138 363 3191 ADa
438 3142 490 3189 loru
512 3158 552 3189 nn·
575 3142 688 3205 prmlerc
706 3136 837 3207 (perdere
849 3135 882 3205 h)
902 3157 951 3190 um
971 3158 1022 3189 non
1043 3158 1085 3189 uic
1103 3140 1126 3188 d.
1144 3135 1441 3191 BCGHLMlLatOVh

287 3226 338 3278 per
350 3208 432 3261 fidem
443 3228 509 3262 corr.
522 3210 559 3261 D.
595 3210 656 3261 Post
668 3210 732 3261 hune
744 3227 843 3261 uersum
854 3208 973 3261 excidisse
983 3208 1043 3259 daos
1055 3226 1142 3260 uersus
1154 3227 1244 3260 censeo.

324 3300 349 3345 4.
387 3280 450 3332 Hec
463 3281 506 3333 Ha
577 3278 651 3331 Num
663 3279 814 3331 Schwabius
885 3279 1035 3345 imperiali
1106 3278 1229 3345 improba
1241 3280 1279 3332 D.

325 3368 350 3417 5.
387 3352 464 3420 Qos
477 3368 568 3419 margo
580 3353 612 3417 L,
624 3368 715 3419 margo
727 3351 746 3402 d
762 3351 840 3419 Baps.
854 3350 983 3403 Guarinus
997 3351 1124 3402 Auantius
1137 3348 1313 3402 Froehliehius.

325 3426 351 3476 6.
387 3426 463 3473 lllrou
481 3422 572 3475 codices
713 3420 792 3473 Eheu
822 3420 894 3490 uulgo
918 3432 978 3489 post
1009 3420 1132 3473 Aldinam
1157 3422 1179 3473 l.
1310 3418 1385 3489 quod
1409 3420 1440 3471 D

288 3492 387 3547 faciam
398 3494 428 3546 Η
514 3498 563 3547 ltco
583 3492 674 3544 codices
752 3491 797 3545 dic
810 3494 938 3544 Pontanus
951 3491 1024 3561 rnelgo
1031 3511 1040 3558 ,¹
1057 3493 1205 3561 impressum
1217 3509 1265 3543 non
1277 3489 1369 3560 legitur
1379 3502 1442 3543 ante

289 3564 448 3617 Mureiinam
566 3562 665 3615 dehinc
690 3564 786 3615 Slalius
809 3564 877 3615 Voss.
897 3562 966 3633 Vulp.
985 3563 1063 3615 Doer.
1182 3561 1243 3614 dice
1266 3564 1317 3631 ipse
1340 3563 1441 3615 conieci

290 3636 421 3687 Charisius
436 3650 494 3699 349.
507 3650 538 3699 η
552 3635 590 3687 ed.
604 3632 666 3699 Keil,
681 3650 740 3698 340,
754 3650 765 3685 1
780 3635 812 3686 P.
848 3634 948 3687 Omnia
966 3639 1058 3686 autem
1076 3632 1237 3700 imperatiua
1253 3633 1352 3685 tertiae
1370 3648 1441 3685 con-

290 3704 431 3770 iugationls
444 3712 586 3771 correptae
599 3703 718 3757 secunda
726 3719 843 3771 persona
854 3704 986 3771 temporis
999 3703 1122 3756 instantis
1130 3718 1180 3771 per
1188 3719 1205 3755 e
1214 3704 1334 3755 litteram
1343 3702 1441 3755 termi-

290 3782 398 3828 nantur.
435 3775 654 3843 Corrumpuntur
666 3774 733 3827 haec
745 3775 799 3827 tria
811 3774 952 3829 dumtaxat
964 3774 1030 3827 facis
1045 3774 1098 3839 fac,
1110 3774 1174 3826 dico
1186 3774 1239 3839 dic,
1251 3773 1323 3825 duco
1335 3773 1397 3839 duc,
1410 3779 1443 3826 et

290 3861 361 3914 quae
380 3845 413 3897 ab
432 3844 473 3897 his
491 3854 562 3912 sunt,
581 3846 643 3898 dico
661 3845 758 3897 addico
776 3844 865 3911 addlc,
883 3845 1012 3913 praedico
1030 3844 1148 3914 praedic,
1164 3844 1255 3898 indico
1273 3844 1354 3910 indic,
1367 3843 1442 3897 duco

289 3916 397 3971 abduco
415 3914 511 3983 abduc,
531 3916 630 3969 induco
649 3916 738 3981 induc,
757 3915 879 3983 perduco
897 3916 1009 3983 perduc,
1029 3916 1131 3969 seduco
1152 3914 1245 3968 seduc.
1282 3915 1335 3967 Sed
1358 3914 1442 3981 facio,

291 3986 365 4054 quod
387 3985 600 4053 subnotaulmus,
618 3987 639 4039 si
659 3986 888 4055 praepositionem
906 3988 1051 4055 acceperit,
1069 3986 1104 4039 ad
1125 3986 1245 4052 regulam
1266 3986 1346 4051 redit,
1364 3986 1444 4038 uelut

291 4058 382 4111 inlicio
401 4056 488 4123 inlice,
503 4058 601 4110 adlicio
618 4056 712 4123 adfice,
732 4057 848 4110 conficio
866 4057 981 4110 confice.
1018 4057 1072 4110 Sed
1090 4057 1162 4124 apud
1179 4063 1289 4109 ueteres
1306 4056 1380 4109 salua
1398 4062 1444 4109 est

291 4130 391 4195 regula,
404 4127 450 4196 qui
463 4128 590 4181 dixerunt
603 4127 671 4193 face,
684 4127 753 4193 dice,
766 4127 837 4180 duce
854 4144 909 4181 non
924 4129 1013 4180 minus
1025 4127 1099 4195 apud
1111 4126 1262 4193 Vergilium
1273 4127 1443 4195 antiquitatis

291 4207 429 4253 amantem
442 4200 469 4252 ln
483 4198 629 4252 undecimo
641 4198 710 4251 libro
724 4199 788 4251 ‘Tu
801 4199 902 4251 Voluse
920 4200 1019 4252 armari
1032 4199 1194 4251 Volscorum
1206 4198 1285 4251 edice
1300 4198 1444 4265 maniplis,’

292 4270 398 4323 ratione
422 4278 451 4323 et
475 4276 656 4337 conpetenter
679 4270 817 4335 analogiae
844 4277 873 4323 et
898 4269 1088 4322 consuetudini
1113 4268 1291 4334 eruditorum,
1311 4269 1444 4337 quoniam

292 4342 453 4409 imperatiua
472 4342 499 4394 in
517 4342 592 4394 omni
610 4340 697 4394 uerbo
715 4342 790 4393 omni
809 4342 905 4393 ordine
922 4357 958 4393 ex
975 4341 1095 4393 secunda
1112 4355 1229 4407 persona
1246 4338 1351 4391 finitiua
1368 4338 1446 4391 deri-

292 4420 391 4465 uantur
400 4414 515 4465 antimus
526 4412 679 4465 semiuocull
694 4412 793 4474 littera,
803 4412 878 4463 uelut
891 4412 987 4463 nuntio
1000 4410 1107 4463 nuntias
1120 4411 1224 4468 nuntia,
1234 4426 1333 4463 moueo
1346 4426 1446 4464 moues

292 4500 382 4551 moue,
395 4484 488 4537 munio
507 4485 594 4536 munis
614 4483 696 4549 muni,
712 4483 784 4535 unde
804 4490 831 4534 et
848 4482 967 4536 eundem
985 4488 1128 4535 accentum
1147 4498 1257 4534 senrare
1274 4481 1377 4534 debent
1394 4483 1444 4549 qui
