3142 5059
448 402 677 462 CARMINVII
703 402 893 462 CATVLLI.
1186 404 1241 459 aul

58 593 241 661 utrunque
261 603 314 662 per
337 605 352 644 2
369 602 390 646 x
411 584 445 658 “2;
476 606 547 662 293,
560 602 627 661 335,
650 598 794 663 utrunque
818 605 870 662 per
888 604 982 659 2><3;
1011 594 1042 644 ut
1057 584 1246 644 Aeschrionis

61 682 153 740 illud
175 683 253 756 Ἐγὼ
266 687 383 741 Φιλαινὶς
402 684 555 754 ἡπίβοππς
568 686 711 758 ἀνθρώποις
725 683 806 759 quod
825 702 877 759 per
893 702 971 757 2223
987 682 1170 742 distributum
1185 693 1244 753 est;

63 790 105 837 ut
122 778 187 837 VI.
206 798 257 855 90,
273 800 322 855 92,
338 800 386 855 94,
410 799 476 853 202,
501 800 557 856 203
579 800 654 857 quae
676 783 775 840 omnia
796 780 932 857 Philippo
953 782 1127 851 tribuuntur,
1149 780 1246 856 priora

62 888 187 936 autem
210 880 272 938 duo
294 898 346 955 per
369 900 384 939 2
402 879 514 959 (9οε2
527 898 548 942 >(
560 900 587 954 3,
602 898 701 956 92--2
715 899 736 940 x
748 878 789 958 4),
805 899 844 955 94
860 899 912 957 per
929 896 995 954 232,
1015 898 1068 937 202
1086 897 1139 956 per
1156 896 1244 952 2x4,

71 993 143 1048 203
161 993 220 1050 per
236 992 294 1050 434
309 976 476 1036 diuiduntur
484 996 493 1049 ;
512 977 644 1036 eiusdem
657 991 712 1051 207
726 978 867 1037 incertum
879 995 954 1053 quos
967 977 1072 1035 habeat
1087 988 1243 1041 numeros3

68 1072 138 1130 VI.
157 1092 218 1131 211
237 1072 387 1133 Leonidae
400 1075 522 1134 caditIn
539 1094 606 1149 322.

123 1169 299 1230 Veniamus
319 1173 359 1231 ad
378 1172 555 1232 Phalaecios.
598 1172 668 1245 Quo
682 1182 777 1232 metro
792 1174 926 1249 quamuis
941 1172 1062 1249 Sappho
1077 1180 1244 1231 constanter

72 1269 111 1326 in
128 1268 211 1327 libro
226 1268 255 1325 V
269 1287 340 1329 mox
354 1271 571 1330 Anacreontem
585 1272 712 1330 sciamus
729 1288 800 1357 usos
818 1289 891 1341 esse,
907 1272 1010 1329 ambos
1032 1280 1129 1328 autem
1145 1268 1243 1328 Catul-

74 1367 149 1424 lum
169 1367 316 1425 Imitatum
330 1369 369 1426 ab
382 1369 450 1427 Atil.
466 1369 676 1428 Fortunatiano
690 1370 857 1439 doceamur,
872 1370 1008 1428 breuiora
1028 1378 1185 1444 supersunt
1206 1386 1243 1425 ex

76 1482 195 1523 eorum
213 1465 464 1543 hendecasyllabis
478 1484 568 1543 quam
584 1476 617 1525 ut
631 1468 789 1543 qucquam
803 1468 840 1526 de
857 1466 902 1527 his
919 1464 1060 1544 explorati
1075 1467 1241 1526 habeamus.

80 1561 151 1619 Sed
170 1580 241 1620 cum
261 1562 332 1621 nihil
355 1563 454 1623 Lesbii
476 1565 629 1623 uideantur
647 1566 795 1642 scripsisse
814 1565 894 1641 quod
914 1582 975 1623 non
1000 1574 1077 1624 esset
1098 1564 1243 1634 melicum,

79 1660 152 1716 iure
174 1658 351 1735 colliguntur
363 1662 452 1719 etiam
466 1661 633 1737 phalaecios
646 1662 677 1720 in
698 1662 833 1737 strophas
854 1661 1002 1737 redegisse
1021 1679 1038 1719 a
1060 1660 1244 1721 Rossbachio

81 1765 117 1813 et
132 1752 318 1833 Westphalio
332 1755 384 1836 (II.
400 1756 482 1837 492).
532 1758 657 1817 Restant
673 1768 773 1817 tamen
788 1757 937 1816 Theocriti
951 1758 1084 1817 Phalaeci
1101 1758 1244 1835 Antipatri

82 1853 200 1929 Alphei
229 1856 364 1933 exempla
391 1855 710 1931 hendecasyllaborum,
736 1872 812 1930 quae
840 1854 878 1913 ad
905 1874 967 1913 rem
995 1855 1102 1913 saciant
1126 1856 1163 1914 de
1186 1873 1245 1932 qua

84 1954 248 2028 loquimur.
291 1953 371 2013 Nam
386 1951 513 2013 Theocr.
527 1954 614 2030 Epig.
630 1949 688 2011 XX
709 1964 778 2013 octo
799 1968 936 2012 uersuum
957 1964 1001 2012 est
1022 1955 1063 2013 sic
1085 1954 1244 2013 diuisorum

89 2067 171 2123 233;
193 2046 330 2110 Phalaeci
351 2052 471 2110 Anthol.
493 2051 578 2110 XIII.
596 2054 622 2110 6.
642 2061 711 2110 octo
724 2074 756 2102 =
769 2070 787 2124 4
800 2070 821 2112 >(
833 2071 866 2121 2;
889 2050 1032 2127 Antipatri
1048 2051 1168 2110 Anthol.
1184 2051 1243 2109 Pal.

87 2146 164 2205 VII.
190 2165 249 2223 390
269 2166 322 2207 sex
340 2171 373 2199 =
392 2166 489 2223 2>(3;
524 2148 631 2224 Alphei
653 2146 706 2207 IX.
726 2168 783 2206 110
805 2159 979 2224 quatuor:
999 2166 1085 2209 axa.
1142 2147 1246 2221 Quan-

88 2265 185 2323 quam
199 2264 261 2306 non
275 2248 392 2324 negabo
412 2248 546 2323 exempla
559 2245 726 2307 huiusmodi
741 2249 880 2324 pauciora
898 2265 1049 2324 superesse
1064 2248 1245 2307 Graecorum

89 2362 185 2419 quam
208 2354 240 2403 ut
266 2364 313 2404 res
340 2357 419 2405 certa
444 2346 594 2405 habeatur.
650 2345 748 2405 Credo
777 2356 876 2404 tamen
904 2344 1036 2405 Graecos
1064 2349 1114 2422 qui
1139 2346 1245 2406 Catulli

91 2440 181 2501 Calui
202 2452 231 2501 et
252 2443 287 2501 iis
311 2444 475 2519 aequalium
500 2446 709 2502 antecesserint
733 2444 890 2513 saeculum,
912 2442 1034 2503 fortasse
1056 2445 1143 2503 etiam
1163 2445 1245 2520 ipsos

92 2540 231 2616 aequales
252 2541 303 2616 qui
324 2540 438 2601 Graece
462 2542 638 2617 scripserint,
660 2542 919 2617 hendecasyllabos
940 2552 970 2600 et
989 2541 1135 2601 factitasse
1156 2552 1185 2601 et
1207 2542 1245 2601 ad

94 2646 190 2697 certas
206 2638 287 2715 leges
301 2640 463 2716 partitionis
479 2657 643 2700 reuocasse.
686 2638 772 2698 Certe
792 2658 853 2697 non
869 2639 963 2697 solum
978 2638 1081 2698 Catulli
1099 2640 1244 2699 hendeca-

95 2735 206 2809 syllabI,
222 2736 274 2794 sed
287 2737 375 2794 etiam
385 2737 508 2795 aliorum
523 2738 572 2813 qui
587 2736 693 2795 eodem
707 2746 840 2811 tempore
853 2736 901 2795 uel
916 2736 1085 2813 insequente
1100 2739 1243 2811 uixerunt,

96 2852 201 2893 omnes
225 2834 334 2893 habent
357 2853 497 2894 numeros
524 2853 602 2905 suos,
625 2844 656 2893 ut
676 2832 809 2893 Bibaculi
830 2834 1040 2911 epigrammata
1065 2837 1101 2895 dc
1125 2834 1244 2897 Valerio

98 2930 211 2990 Catone
232 2929 366 3010 (Sueton
388 2933 426 2992 de
448 2932 653 2991 Grammaticis
668 2929 725 3009 XI)
739 2950 866 3008 quorum
887 2933 967 3008 prius
987 2934 1017 2991 in
1034 2954 1101 3009 323,
1122 2935 1245 2995 alterum

98 3031 131 3088 in
147 3049 219 3088 2222
236 3030 313 3089 cadit
321 3049 329 3103 ;
351 3038 384 3088 ut
397 3030 487 3088 multa
500 3048 537 3089 ex
551 3029 680 3105 Priapiis,
693 3047 863 3107 quanquam
876 3030 950 3090 haec
968 3032 1087 3107 quidem
1101 3033 1245 3107 posterius

101 3127 188 3188 scribi
204 3136 369 3203 potuerunt,
384 3126 463 3186 uelut
476 3126 569 3203 Priap.
585 3126 616 3184 II
632 3150 663 3178 =
678 3142 745 3201 353,
761 3126 807 3184 VI
821 3150 853 3179 =
869 3146 885 3201 3
899 3145 919 3186 >(
931 3147 957 3198 2,
972 3128 1000 3185 Χ
1011 3150 1042 3179 =
1057 3146 1124 3201 332,
1139 3129 1242 3187 XII:

104 3244 170 3299 223,
185 3243 250 3299 233,
270 3224 389 3281 XIV:
406 3242 493 3299 2332,
513 3222 662 3281 XXIII:
679 3243 746 3293 222,
762 3223 895 3281 XXV:
917 3243 982 3297 232,
1001 3223 1105 3281 XXVI
1124 3248 1157 3275 =
1172 3227 1201 3289 6,
1218 3228 1244 3295 6,

100 3321 293 3382 XXXVII:
310 3336 397 3396 2552,
419 3320 584 3379 XXXVIII
598 3345 629 3373 =
643 3341 691 3393 44,
714 3320 814 3380 XLVI
829 3344 861 3372 =
876 3336 922 3395 55,
945 3320 1002 3378 LII
1018 3345 1049 3372 =
1066 3340 1112 3396 23,
1138 3340 1184 3395 23,
1210 3342 1243 3393 2;

101 3421 214 3481 LVI:
230 3438 279 3481 2)(
290 3440 317 3496 3,
338 3420 456 3478 LXI:
472 3415 561 3498 7(34)
578 3418 677 3495 7152),
697 3418 781 3476 LXX
797 3441 830 3469 =
845 3432 913 3491 445,
935 3416 1080 3475 LXXVII
1094 3428 1243 3493 :77†3,

100 3520 203 3597 quibus
223 3518 300 3599 adde
321 3516 555 3601 ipsius-Petroni
579 3515 683 3574 XXIX
712 3514 769 3593 (ed.
796 3511 968 3590 Buecheler)
985 3539 1016 3567 =
1037 3534 1124 3590 2223.
1164 3516 1244 3575 Nihil

103 3617 169 3676 dico
188 3615 222 3674 de
236 3614 370 3674 Martiale
390 3624 440 3673 aut
455 3613 546 3672 Statio
560 3601 687 3690 quorum
707 3612 738 3670 in
757 3611 1005 3688 hendecasyllabis
1023 3613 1101 3672 haud
1122 3615 1184 3675 scio
1206 3633 1244 3673 an

103 3730 164 3774 non
188 3714 290 3772 frustra
317 3714 458 3787 πιρικοπὰι
478 3713 664 3788 quaesiueris,
686 3711 735 3787 qui
761 3710 919 3769 sententias
946 3712 1031 3769 toties
1052 3713 1156 3772 mediis
1179 3732 1244 3772 uer-

104 3813 181 3873 sibus
203 3811 363 3883 clauserint,
387 3820 417 3869 ut
441 3827 503 3868 non
523 3811 585 3869 siue
605 3823 716 3884 magno
739 3808 837 3868 studio
857 3827 990 3868 normam
1012 3810 1051 3869 sis
1074 3812 1244 3871 inuenturus

106 3909 294 3989 partitr’onum.

146 4005 246 4067 Sedin
260 4004 341 4063 nullo
355 4020 493 4063 uersuum
512 4021 620 4081 genere
640 4002 869 4062 manifestiorem
890 4002 978 4063 credo
999 4002 1088 4065 luisse
1110 4008 1244 4067 distribu-

106 4105 208 4164 tionem
230 4102 261 4160 in
281 4104 421 4175 περικοπὰς
442 4120 531 4177 quam
552 4103 583 4159 in
604 4101 708 4159 ionicis
728 4120 747 4160 a
767 4102 889 4161 minore.
945 4102 1004 4174 Qui
1026 4123 1094 4162 cum
1115 4106 1244 4163 Anacre-

107 4201 175 4262 ontii
192 4208 330 4258 uocentur
350 4218 368 4257 a
390 4198 492 4257 Seruio
513 4203 599 4273 2823,
620 4210 649 4257 et
670 4201 700 4257 in
721 4218 832 4275 magno
853 4218 909 4259 usu
929 4201 1006 4276 apud
1028 4201 1244 4259 Anacreontem

105 4298 188 4357 luisse
207 4296 338 4355 dicantur
359 4296 396 4354 ab
417 4294 647 4371 HephaestIone,
666 4296 826 4355 dolendrun
847 4307 890 4355 est
911 4298 991 4373 quod
1012 4316 1048 4355 ex
1070 4299 1161 4373 ipsius
1182 4316 1244 4355 car-

108 4395 223 4454 minibus
251 4393 369 4452 nonnisi
396 4393 571 4452 breuissima
598 4403 756 4470 supersunt
783 4393 952 4469 fragmenta.
1006 4392 1051 4451 Ex
1076 4395 1121 4452 his
1145 4402 1244 4451 tamen

110 4492 182 4570 quod
196 4491 312 4549 unicum
330 4500 409 4549 extat
428 4490 552 4566 longius
569 4490 601 4550 fr.
615 4509 652 4562 44
668 4490 785 4566 Bergk,
801 4492 862 4549 siue
882 4510 918 4549 ex
938 4491 1094 4549 duodecim
1116 4490 1244 4549 dimetris

624 4594 717 4660 Kka
