3142 5059
298 278 325 335 vi
711 277 1017 338 PRAEFATIO.

299 466 508 526 commentario
536 466 641 543 publici
669 466 737 525 iuris
763 465 898 557 iacerem.
950 465 1019 525 Hoc
1048 484 1085 525 eo
1111 465 1246 526 libentius
1272 466 1328 526 ieci
1354 466 1436 543 quod

299 585 471 661 praepositis
491 582 710 660 Typographeo
730 583 910 643 Academico
930 584 1082 643 consilium
1104 602 1203 641 meum
1224 601 1293 643 cum
1313 583 1436 643 relatum

299 708 376 759 esset
402 698 432 758 id
459 710 488 757 et
515 699 712 776 probauemnt
738 709 769 758 et
795 700 877 758 omni
909 700 1015 758 auxilio
1047 700 1241 773 adiuuemnt3
1274 700 1306 759 in
1335 700 1436 777 primis

299 812 339 872 H.
355 812 392 874 0.
414 812 498 875 Coxe
525 825 554 875 et
581 814 621 875 H.
643 814 776 887 Latham‚
805 816 910 891 quibus
936 815 1064 891 utrisque
1095 832 1224 873 summas
1253 823 1351 890 grates
1377 832 1436 890 ago

298 928 459 1007 habeoque.
512 929 616 1008 Neque
640 948 675 990 ea
699 941 811 991 unnim
836 949 915 990 noua
937 931 1028 990 aliero
1051 948 1126 1008 quae
1149 930 1227 1003 dixi;
1254 948 1325 989 nam
1348 930 1436 989 etiam

298 1046 440 1105 editiones
454 1056 569 1124 praesto
583 1042 698 1106 iiremnt
711 1048 882 1118 rarissimae,
897 1046 1035 1124 Princeps
1048 1064 1125 1123 quae
1138 1046 1241 1105 dicitur
1254 1063 1334 1105 anno
1349 1058 1435 1120 1472,

298 1170 328 1221 et
341 1179 416 1239 quac
433 1180 502 1221 uere
521 1172 573 1233 est,
587 1164 729 1221 incertum
748 1180 808 1241 quo
827 1179 906 1221 anno
925 1162 1011 1234 edita,
1025 1179 1101 1238 quae
1119 1171 1258 1237 utraeque
1275 1161 1307 1218 in
1324 1159 1435 1219 Biblio-

298 1276 383 1336 theca
397 1276 557 1336 Bodleiana
574 1287 772 1349 assemantur;
799 1276 964 1337 Parmensis
981 1295 1006 1336 a
1025 1289 1101 1353 1473
1109 1296 1118 1351 ς
1141 1275 1300 1335 Alexandri
1312 1273 1436 1335 Guarini

297 1406 437 1467 a.15a1;
469 1402 620 1469 postremo
644 1410 680 1452 ea
703 1394 785 1453 cuius
808 1394 928 1453 unicum
955 1392 1079 1452 creditur
1105 1401 1204 1452 extare
1230 1391 1379 1469 exemplar
1405 1390 1436 1449 id

298 1510 379 1588 quod
399 1508 444 1569 his
465 1509 566 1568 diebus
587 1510 678 1588 copiis
699 1509 896 1570 Bibliothecae
912 1510 1090 1571 Bodleianae
1112 1510 1242 1569 additum
1261 1519 1313 1581 est,
1328 1509 1437 1569 Hiero·

297 1624 377 1700 nymi
396 1624 515 1684 Auantii
535 1624 682 1685 Cardinali
702 1626 842 1686 Famesio
864 1627 1015 1700 dedicata3
1035 1637 1069 1686 ut
1089 1626 1139 1685 uix
1160 1627 1296 1703 cuiquam
1317 1626 1436 1685 credam

297 1748 341 1799 tot
362 1741 564 1817 suppeditasse
586 1742 690 1801 auxilia
711 1741 791 1801 unde
811 1742 918 1801 libmm
940 1742 1026 1801 toties
1050 1742 1240 1818 deprauatum
1264 1741 1312 1799 uel
1335 1758 1437 1799 emen-

297 1855 378 1915 daret
395 1856 458 1933 ipse
476 1857 524 1915 uel
542 1858 603 1915 aliis
622 1857 839 1917 emendandum
856 1858 1037 1935 relinqueret
1081 1856 1140 1916 Sed
1157 1858 1331 1933 nescioquo
1347 1865 1436 1933 pacto

296 1970 394 2032 euenit
420 1982 451 2031 ut
478 1973 508 2031 in
536 1972 651 2033 Catullo
678 1991 778 2033 curam
805 1973 919 2051 Anglus
950 1983 1017 2032 ante
1043 1992 1091 2032 me
1118 1974 1167 2032 uix
1194 1992 1271 2032 unus
1298 1982 1328 2031 et
1355 1972 1436 2045 alter,

297 2086 475 2148 Oxoniensis
488 2089 607 2165 quidem
620 2107 708 2148 nemo
723 2090 870 2166 posuerit;
891 2088 1016 2149 Vossius
1032 2089 1111 2148 enim
1127 2089 1209 2147 cuius
1226 2088 1315 2147 editio
1329 2087 1436 2147 Catulli

296 2202 424 2263 Londini
441 2204 548 2281 prodiit
566 2223 646 2265 anno
666 2207 752 2278 1684,
767 2224 935 2282 quanquam
953 2206 984 2263 in
1001 2204 1109 2281 Anglia
1127 2204 1237 2281 aliquot
1255 2220 1349 2262 annos
1366 2204 1435 2280 egit,

296 2326 325 2376 et
339 2316 554 2379 Canonicatum
572 2320 651 2397 apud
668 2338 723 2380 nos
737 2320 891 2379 Vinsoriae
904 2320 1038 2391 obtinuit,
1052 2317 1165 2379 Batauo
1178 2328 1261 2395 patre
1274 2327 1356 2377 ortus
1372 2327 1435 2389 est;

295 2434 441 2495 isautem
465 2436 515 2512 qui
538 2434 682 2495 Camllurn
709 2437 799 2497 edidit
826 2454 905 2496 anno
933 2450 1019 2512 ηοω,
1048 2435 1294 2512 Cantabrigiensis
1320 2433 1436 2494 uidetm

296 2550 385 2609 fuisse
404 2560 434 2609 et
453 2568 562 2610 nomen
582 2570 667 2612 suum
687 2552 760 2611 libro
781 2570 843 2611 non
862 2552 974 2611 adiecit.
1015 2550 1081 2627 Ego
1099 2551 1124 2609 si
1143 2550 1248 2628 quibus
1266 2552 1437 2611 temerarius

296 2666 418 2726 uidebor
431 2667 481 2744 qui
498 2668 585 2727 etiam
601 2677 668 2744 post
685 2666 909 2726 Lachmannum
929 2666 986 2726 hoc
1007 2666 1336 2743 susceperim-tannim
1356 2667 1436 2724 enim

297 2780 488 2840 Lachmanno
507 2782 537 2840 in
555 2782 705 2842 codicibus
718 2781 824 2841 Catulli
841 2782 1039 2842 discernendis
1056 2780 1240 2841 tribuendum
1258 2798 1324 2841 esse
1341 2799 1436 2858 quan·

296 2906 358 2955 tum
379 2906 445 2955 ante
466 2914 533 2955 eum
554 2897 672 2967 nemini,
693 2916 748 2956 nec
768 2914 936 2974 quenquam
956 2896 1112 2972 quicquam
1133 2896 1164 2954 in
1184 2895 1300 2955 Catullo
1319 2894 1436 2972 proiec-

297 3022 393 3071 turum
413 3012 463 3089 qui
483 3029 545 3070 non
564 3012 594 3069 in
616 3011 807 3072 Lachmanno
828 3030 860 3071 se
880 3012 1054 3083 stabiliuerit,
1076 3012 1134 3071 hoc
1154 3013 1212 3071 iam
1233 3012 1369 3071 omnibus
1390 3022 1436 3071 est

296 3145 351 3205 pro
372 3127 606 3204 explorato—his
628 3127 695 3187 ideo
719 3146 767 3187 me
789 3146 876 3205 spero
897 3137 1066 3186 excusatum
1087 3128 1128 3198 iri,
1150 3144 1212 3186 non
1235 3127 1331 3186 solum
1353 3128 1436 3203 quod

296 3252 340 3303 tot
362 3252 421 3303 tam
443 3244 567 3320 egregiis
592 3244 726 3303 subsidiis
748 3262 810 3303 rem
832 3244 993 3321 aggrediar,
1013 3245 1066 3303 sed
1086 3246 1173 3303 etiam
1193 3246 1299 3321 opibus
1320 3246 1435 3306 adiutus

297 3359 487 3438 typographei
501 3376 560 3436 quo
574 3358 684 3418 nullum
698 3377 822 3435 usquam
841 3369 890 3418 aut
907 3369 1043 3435 typorum
1062 3360 1155 3419 nitore
1174 3377 1208 3419 ac
1223 3360 1435 3437 pulchritudine

298 3486 346 3534 aut
359 3474 497 3552 opificum
510 3491 580 3533 cura
593 3475 791 3551 praestabilius
803 3475 951 3534 habeatur.

435 3750 438 3757 Ι
532 3680 639 3735 Dabam
651 3680 738 3737 Nonis
751 3682 954 3752 Septembribus
967 3699 990 3737 a
1004 3694 1195 3737 uncccaxvrr.
