3142 5059
567 339 791 400 EXCVRSVS.
1209 348 1268 404 ³45

133 523 176 582 G.
193 522 216 581 1.
233 541 287 597 332
312 525 359 582 aa
374 523 561 600 flagranti.
577 569 585 582 .
600 569 605 582 .
620 525 724 582 dextra
863 524 1041 602 (fraglanti
1067 524 1135 596 PV,
1174 527 1334 586 secundum

904 622 1097 682 Ribbeckium
1117 626 1147 682 in
1161 625 1243 683 lahn.
1257 626 1334 682 Anu.

906 725 992 795 1858,
1017 741 1045 798 p.
1064 741 1129 798 191,
1150 725 1202 783 sed
1224 725 1253 780 in
1274 725 1334 782 edi·

900 822 979 880 tione
997 839 1058 880 non
1071 822 1223 899 conparet)

87 919 171 978 Aen.
183 918 288 993 11.685
308 923 461 996 crinemque
475 919 1077 998 flagrantem...exeatere(fraglantem
1090 918 1133 997 P)

125 1017 215 1076 VIII.
230 1032 285 1094 397
308 1019 516 1095 flagrantem
523 1019 646 1096 feruida
654 1022 754 1096 pateam
859 1018 1078 1095 (fraglentem
1091 1016 1132 1096 7¹)

182 1115 235 1175 lx.
249 1131 285 1191 72
301 1119 374 1192 piem
387 1117 551 1192 flagranti
558 1118 695 1195 serue'dus
709 1118 802 1194 implet
859 1114 1332 1195 (fraglantiPstfragrantiM)

162 1216 215 1274 XI.
229 1231 286 1291 225
308 1217 391 1275 medab
404 1219 434 1275 in
448 1216 622 1293 flagrante
636 1219 755 1277 12222ιὶ12
860 1216 1046 1295 (fraglante
1059 1236 1102 1294 pr.
1112 1215 1155 1295 P)

166 1314 234 1373 XII.
247 1318 285 1390 65
307 1314 505 1391 Flagrantis
517 1317 735 1395 perfusagenas
858 1314 1058 1394 (fragrantis
1071 1313 1110 1395 e¹)

103 1439 144 1499 G.
162 1438 214 1498 IV.
231 1441 285 1516 1⁶9
308 1439 474 1514 redolentque
499 1439 588 1514 aym
614 1440 802 1515 fraglantia
828 1437 908 1496 mea
933 1435 987 1518 (ste
1008 1437 1094 1513 aaa
1118 1411 1279 1514 raguta
1306 1436 1332 1508 a,

337 1536 523 1613 flagrantia
535 1537 627 1606 Pacu,
641 1535 794 1594 Diomedis
807 1535 875 1592 Par
887 1536 925 1594 A.
936 1535 1017 1594 Mon.
1040 1530 1280 1612 fragrantiae)

100 1635 177 1693 Aen.
190 1633 213 1692 l.
227 1636 284 1709 436
308 1635 473 1710 redolentque
486 1635 575 1710 flama
587 1633 775 1709 fraglantia
789 1633 869 1690 neella

338 1731 538 1814 (fraglantia
550 1728 624 1806 ya²b¹
659 1729 873 1790 FRAGLantr'a
887 1731 910 1789 P
945 1729 1212 1789 FLAGRANTIA
1220 1740 1269 1806 pr.
1282 1729 1330 1801 M,

376 1831 427 1903 Fe,
457 1830 724 1891 FLAGRANTIA
739 1829 780 1908 (R
794 1831 825 1886 in
838 1828 911 1908 ras.)
925 1829 966 1900 R,
999 1830 1190 1906 fragrantia
1203 1848 1275 1887 corr.
1291 1827 1337 1886 M

267 1961 271 1982 .
374 1925 443 2006 ebt)

184 2085 230 2144 Ex
251 2085 297 2146 his
318 2085 397 2157 loeis,
418 2104 542 2164 quorum
563 2104 615 2145 sex
634 2087 745 2163 priores
766 2086 919 2162 flagrare
939 2104 993 2163 pro
1013 2087 1058 2145 uri
1078 2095 1199 2164 ponunt,
1217 2085 1277 2146 duo

143 2185 320 2261 posteriores
346 2201 399 2261 pro
423 2185 560 2256 redolere,
588 2183 740 2261 fragrare
768 2183 875 2261 duplici
900 2203 913 2241 r
937 2185 1074 2260 seriptum
1097 2184 1214 2244 exhibet
1237 2182 1281 2242 M

144 2282 321 2359 (Mediceus)
342 2283 395 2356 bis,
415 2282 468 2342 Ae.
483 2281 535 2342 IX.
553 2297 588 2357 72
609 2282 776 2359 fragranti
795 2299 849 2359 pro
865 2283 985 2354 ardenti,
1002 2284 1076 2341 Aen.
1093 2282 1116 2340 l.
1131 2284 1188 2356 436
1208 2281 1277 2341 f'ra·

142 2383 279 2458 grantia
292 2399 347 2459 pro
359 2381 527 2454 redolentia,
538 2390 567 2439 et
580 2381 626 2440 hic
638 2381 755 2458 quidem
769 2399 806 2440 ex
820 2381 1007 2457 flagrantia
1020 2389 1172 2439 mutatum.
1208 2378 1277 2438 Non

142 2481 246 2558 legitur
262 2482 292 2540 in
310 2479 409 2542 FPR.
451 2479 561 2540 Contra
579 2479 651 2539 inter
668 2479 789 2556 flagro,
803 2478 915 2556 fraglo
929 2479 1056 2538 maxima
1068 2487 1112 2536 est
1125 2477 1277 2537 uacillatio.

142 2577 222 2638 Nam
245 2580 276 2638 in
300 2597 351 2638 sex
375 2579 517 2656 prioribus
540 2579 611 2639 locis
635 2578 785 2655 fraglare
808 2589 910 2665 quater
932 2577 1084 2648 Palatinus,
1107 2576 1138 2634 in
1162 2577 1278 2635 duobus

141 2677 350 2755 posterioribus
363 2676 452 2737 semel
464 2677 549 2750 (Aen
559 2675 583 2737 1.
592 2678 663 2751 436)
676 2677 772 2753 posuit
779 2695 788 2749 ;
806 2676 836 2734 in
847 2675 950 2735 iisdem
964 2675 1078 2734 duobus
1091 2674 1278 2751 fraglantia

141 2775 294 2836 Mediceus
314 2787 343 2836 et
358 2775 489 2836 Schedae
501 2774 660 2834 Vaticanae
674 2775 711 2836 G.
727 2774 779 2834 lv.
796 2776 862 2850 169,
882 2773 1070 2850 flagrantia
1088 2773 1162 2832 Aen.
1177 2773 1201 2832 1.
1217 2775 1276 2848 436

141 2873 293 2933 Mediceus
307 2873 459 2932 Romanus
472 2872 604 2934 Schedae
617 2871 776 2933 Vaticanae
796 2890 901 2932 omnes
919 2871 1027 2931 habent
1040 2889 1059 2930 a
1072 2889 1161 2931 manu
1174 2871 1276 2949 prima

142 2971 201 3032 Sed
221 2981 319 3031 tamen
343 2974 367 3031 si
388 2971 497 3048 Vergili
519 2972 601 3032 locos
624 2982 736 3032 tanturn
760 2972 905 3050 respicias,
929 2970 1078 3048 flagrare
1101 2987 1155 3049 pro
1176 2971 1277 3030 ardere

141 3070 318 3149 plerumque,
340 3069 489 3146 flagrare
510 3070 651 3130 incertum
671 3089 710 3130 an
734 3071 885 3146 fraglare
909 3087 963 3147 pro
987 3068 1115 3128 redolere
1137 3069 1275 3147 posuerit

140 3169 230 3247 Apud
245 3170 410 3229 Lucrefium
419 3169 565 3241 VI.1166,
577 3183 592 3246 7
608 3169 782 3244 flagrabat
795 3169 841 3227 bis
854 3169 993 3244 scriptum
1007 3178 1059 3238 est,
1073 3184 1129 3226 nec
1142 3167 1276 3226 uidentur

139 3269 252 3327 uariare
265 3268 389 3328 codices.

179 3368 228 3428 Ad
243 3367 366 3428 Plinium
379 3377 533 3440 uertamur,
546 3367 628 3427 cuius
641 3365 805 3444 fragmenta
820 3365 959 3424 librorum
973 3362 1116 3422 XI-XV
1130 3373 1228 3423 extant
1244 3365 1274 3424 in

139 3467 327 3544 palimpsesto
341 3465 504 3526 Veronensi
524 3483 598 3524 saec.
614 3473 716 3542 quarto
736 3463 854 3523 exeunti
871 3463 918 3522 uel
936 3462 1045 3521 ineunti
1063 3462 1164 3538 quinto
1183 3463 1275 3539 assig-

124 3563 127 3574 ⁴
139 3577 209 3626 nato
222 3585 241 3626 a
254 3565 374 3638 Moneo,
389 3582 476 3642 quem
490 3564 552 3641 ipse
566 3562 673 3641 publici
692 3563 759 3622 iuris
774 3561 842 3621 fecit
860 3562 890 3620 in
908 3562 1033 3621 editione
1054 3561 1154 3638 Silligii
1168 3562 1205 3621 T.
1219 3563 1274 3623 VI.

138 3663 236 3725 Huius
256 3663 287 3723 in
307 3664 398 3724 tribua
417 3663 488 3722 locis
509 3662 558 3721 ubi
578 3661 680 3738 legitur
701 3659 867 3735 flagrare,
887 3669 1054 3719 constanter
1073 3659 1115 3719 sic
1135 3660 1272 3737 scriptum

138 3772 191 3824 est.

185 3865 189 3874 '
209 3867 261 3928 XI.
277 3881 332 3944 273
353 3866 498 3926 braccarum
510 3865 590 3923 erbas
596 3864 747 3941 perlucent,
761 3864 836 3921 oculi
845 3862 997 3940 flagrant
1009 3863 1243 3942 laboreperpulri.

178 3965 260 4026 XIV.
274 3984 327 4042 232
351 3968 451 4024 sr'ceata
465 3965 561 4040 recipit
573 3965 650 4041 egeus
661 3967 688 4021 ef
697 3965 756 4020 se'ne
769 3964 895 4021 alriereafo
900 3974 955 4040 per
967 3982 996 4022 se
1008 3962 1142 4039 flagrat.

214 4063 279 4123 XV.
294 4079 331 4139 74
346 4062 513 4140 permitiali
521 4062 580 4120 odio
596 4061 783 4139 Carfhogt'ntlt
796 4060 960 4138 flagrans

136 4190 251 4267 fragm.
266 4188 385 4266 Gargilii
399 4185 539 4246 Martialis
553 4187 589 4246 de
604 4185 773 4263 Amygdalis
786 4184 846 4244 VII
861 4203 898 4244 ex
912 4184 1014 4245 codice
1032 4203 1107 4245 saec.
1121 4183 1151 4240 V
1163 4183 1210 4242 uel
1225 4183 1270 4243 Vl

137 4291 182 4352 ed.
204 4307 222 4349 2
243 4287 324 4348 Μ2ἰο
343 4284 533 4347 AuctClass.
549 4284 573 4344 1.
588 4285 902 4360 391-413Aristoteles
921 4284 954 4342 e'n
971 4282 1113 4359 Georgicis
1133 4284 1270 4342 amartio-

137 4387 224 4446 dinem
238 4386 381 4462 amygdali
389 4385 404 4443 f
406 4383 555 4461 raglanti
568 4383 624 4442 soli
632 4383 771 4459 adsignat.

675 4511 728 4578 Yl’
