3142 5059
719 418 776 480 DE
803 418 1066 482 PART1T10NE

481 599 602 672 Caelius,
631 600 760 677 5Caelr',
790 602 935 672 scats·
975 602 1072 664 CVII.
1097 621 1110 662 1
1136 601 1232 678 crepido
1256 602 1420 676 mabam,
1445 616 1466 673 5

477 701 582 776 matio,
611 703 806 776 sopandm
835 701 899 762 CX
918 721 931 762 1
953 702 1097 779 Λιβίου,
1117 701 1291 777 aarum,
1320 699 1467 775 efacere,

479 811 498 872 5
508 798 639 874 sacere;
671 797 764 859 CXV.
790 817 803 858 r
827 797 967 870 Mentula,
996 798 1186 867 8ssentula;
1216 796 1326 857 CXVL
1355 798 1468 868 stelr's,

481 895 583 955 dtela.

361 1040 406 1122 (4)
427 1041 646 1120 Epigrammata
663 1059 700 1101 ro
713 1059 859 1103 uersuum.

440 1163 583 1241 Exempla
597 1175 665 1224 sunt
678 1163 789 1234 LXIX,
803 1162 883 1234 XCI,
897 1161 991 1236 XCV,
1002 1160 1053 1235 CI,
1067 1163 1190 1222 sortasse
1203 1161 1292 1220 etiam
1305 1158 1468 1218 LXXVII

481 1261 526 1320 Ex
540 1261 586 1320 his
599 1260 708 1332 LXIX,
723 1260 804 1332 XCI,
818 1259 903 1320 XCV
918 1261 992 1320 duas
1009 1260 1120 1319 babent
1140 1270 1236 1337 partes
1255 1268 1470 1334 quaternorum

480 1376 618 1418 uersuum
631 1359 737 1436 quibus
754 1359 934 1418 subnectitur
949 1358 1105 1418 distichon.
1146 1357 1304 1416 Diuersum
1318 1354 1372 1424 CI,
1387 1353 1469 1430 quod

480 1457 511 1516 in
526 1456 599 1514 duas
613 1467 709 1532 partes
724 1455 777 1515 sed
791 1455 959 1532 inaequales
972 1455 1119 1515 scinditur.
1148 1454 1193 1512 Ibi
1207 1451 1287 1530 quod
1298 1451 1468 1510 Lachman-

482 1573 555 1614 num
573 1571 634 1613 non
648 1573 756 1632 sequor
768 1573 817 1614 uu
833 1557 891 1628 5,6
905 1572 974 1614 cum
991 1572 1047 1625 r-4
1065 1554 1244 1629 iungentem,
1257 1550 1334 1610 CirIs
1347 1563 1468 1610 secutus

483 1653 653 1730 scriptorem
673 1654 765 1728 iungo
785 1669 854 1712 cum
870 1664 959 1725 7-10,
972 1650 1003 1709 id
1022 1649 1099 1711 facio
1113 1648 1157 1730 (ι)
1172 1649 1254 1726 quod
1274 1648 1354 1707 facta
1375 1666 1469 1724 pausa

481 1759 549 1828 post
569 1751 685 1808 crirerenr
706 1748 748 1827 (ιι.
760 1747 793 1828 4)
807 1756 929 1826 augetur
945 1749 1101 1818 miseratio,
1116 1757 1218 1806 contra
1236 1747 1306 1806 siin
1320 1748 1469 1806 uocabulo

481 1847 555 1907 matri
564 1847 704 1907 clauditur
713 1847 864 1916 sententia,
874 1849 1161 1917 nontammtprais
1171 1845 1243 1904 dixit
1252 1843 1469 1906 Catullusdum

481 1943 604 2021 legentis
622 1945 751 2002 animum
764 1961 783 2000 a
796 1943 883 2002 fratre
897 1954 1067 2002 reuocatum
1080 1943 1111 2000 in
1125 1943 1235 2018 seipso
1256 1941 1338 2000 iubet
1351 1942 1469 2000 morari

482 2039 527 2121 (a)
542 2041 588 2101 Ex
602 2043 726 2101 aduerso
745 2049 822 2100 stant
838 2039 1192 2118 Quandoqurdansortuna
1206 2039 1281 2097 ωλι·
1288 2047 1340 2097 tete
1355 2041 1472 2099 abstulit

481 2141 569 2214 prum
590 2147 619 2196 et
632 2136 720 2196 Nunc
732 2147 831 2196 tamen
844 2137 911 2195 haec
923 2137 952 2195 b.
967 2155 992 2196 e.
1008 2137 1148 2213 quoniam
1162 2136 1258 2213 ipsum
1274 2147 1304 2195 te
1324 2137 1387 2195 iam
1408 2155 1470 2196 non

483 2237 550 2295 licet
569 2235 686 2311 alloqui,
700 2245 732 2292 tu
751 2235 861 2294 interea
880 2233 981 2309 accipe
997 2251 1074 2310 quae
1089 2234 1210 2292 mortuis
1223 2242 1324 2292 tamen
1342 2235 1470 2310 placent.

483 2330 530 2410 (3)
550 2331 618 2390 Heu
638 2333 722 2389 maier
742 2331 856 2406 indigno
869 2330 976 2407 frater
994 2331 1112 2405 adempte
1131 2330 1205 2388 mite·
1219 2340 1253 2389 ut
1272 2332 1304 2388 in
1324 2331 1470 2392 LXVIII

487 2449 533 2501 ao,
547 2438 577 2488 et
590 2427 729 2488 LXVIII.
746 2426 812 2506 (9²)
827 2427 857 2486 in
871 2428 954 2487 initio
972 2427 1133 2486 sententiae
1153 2429 1280 2503 ponitur,
1294 2429 1338 2487 sic
1358 2449 1399 2489 ne
1420 2431 1469 2490 hic

482 2526 600 2605 quidem
622 2525 729 2584 claudit
749 2524 923 2584 sententiam
951 2523 995 2603 (4)
1009 2524 1114 2600 frater
1136 2542 1222 2583 suum
1243 2525 1344 2585 locum
1366 2537 1468 2598 tenet3

482 2633 526 2683 ter
539 2623 617 2682 enim
631 2622 742 2698 legitur,
757 2621 864 2680 eodem
885 2638 1001 2697 semper
1014 2621 1166 2680 interuallo
1181 2632 1306 2698 quatuor
1318 2641 1470 2695 uemunm,

482 2719 589 2779 eodem
602 2728 632 2778 et
645 2737 747 2778 uersus
763 2718 831 2778 loco
845 2728 875 2776 et
888 2719 1048 2777 sententiae
1058 2737 1067 2790 ;
1089 2737 1159 2777 nam
1179 2720 1339 2779 secundam
1353 2732 1470 2798 partem

483 2817 655 2892 pentametri
674 2833 790 2892 semper
808 2815 916 2893 incipit,
930 2827 1110 2892 pentameter
1124 2826 1222 2876 autem
1235 2819 1298 2893 Ipse
1319 2821 1468 2879 secundus

483 2925 527 2974 est
551 2917 710 2974 sententiae
721 2934 729 2987 ;
761 2915 922 2974 selduem'o
946 2916 999 2974 las
1022 2918 1149 2987 manas,
1170 2916 1257 2976 lrater
1277 2917 1468 2996 alsasense,

483 3015 501 3069 6
523 3011 590 3070 Heu
609 3014 693 3070 maier
713 3013 824 3089 ricdagus
843 3012 930 3070 lrater
949 3013 1067 3088 adempte
1086 3013 1164 3085 malta,
1187 3031 1225 3072 ro
1244 3014 1336 3090 Atque
1355 3018 1387 3072 in
1401 3026 1468 3091 per-

478 3115 596 3186 petratas,
610 3109 705 3181 lrater,
719 3129 770 3168 aue
782 3117 865 3184 atque
877 3110 946 3168 ualae.
989 3108 1172 3185 Repetuntur
1192 3111 1281 3168 etiam
1299 3111 1383 3183 haec,
1399 3111 1470 3170 aad

483 3207 612 3285 rasuras,
639 3209 656 3264 8
679 3207 720 3265 ad
738 3205 869 3284 raserias,
891 3225 909 3282 3
928 3224 1047 3277 mamm,
1069 3209 1220 3266 8ntunere.
1263 3207 1299 3267 C.
1321 3208 1467 3267 LXXVII

484 3305 560 3364 adeo
575 3305 705 3365 abundat
718 3304 938 3380 repetitionibus
954 3314 987 3363 ut
1000 3303 1079 3363 haud
1093 3305 1184 3364 sciam
1197 3323 1237 3363 an
1250 3323 1313 3364 non
1326 3307 1467 3366 audacius

483 3402 582 3462 iecerit
603 3401 730 3477 Scaliger
754 3400 805 3477 qui
830 3418 900 3460 cum
923 3418 960 3459 eo
985 3401 1167 3460 coniunxerit
1188 3420 1291 3461 uersus
1312 3401 1374 3462 Sed
1397 3423 1469 3462 nm

484 3501 517 3558 r'd
539 3497 745 3574 doleo-sama
765 3499 890 3573 loquetur
911 3517 984 3555 ames
1004 3498 1056 3574 qui
1075 3497 1147 3556 nihil
1167 3497 1277 3559 babent
1302 3501 1468 3575 repetitmu.

487 3617 498 3655 r
517 3595 653 3666 Frustra,
683 3615 698 3654 a
717 3594 855 3671 frustra,
883 3613 901 3666 4
922 3597 1056 3670 apaan
1085 3610 1103 3669 5
1124 3593 1275 3670 Erpru'sti,
1304 3610 1323 3670 5
1343 3597 1399 3654 heu
1418 3599 1469 3656 heu

483 3700 600 3764 nostrae,
618 3695 636 3751 6
655 3693 707 3750 heu
727 3692 780 3749 hert
800 3698 918 3750 noram.
961 3690 1109 3751 Conium
1129 3702 1228 3751 tamen
1247 3701 1280 3750 ut
1300 3693 1407 3754 melius
1427 3697 1469 3754 sic

485 3790 598 3865 positos
621 3807 711 3866 quam
733 3790 764 3848 in
792 3789 852 3848 uilo
874 3790 942 3849 loco
963 3807 1000 3848 ex
1024 3791 1087 3849 aliis
1109 3807 1169 3866 quo
1193 3789 1287 3848 tralati
1310 3801 1388 3850 srmt.
1432 3792 1467 3850 In

485 3885 635 3944 codicibus
656 3896 794 3945 secuntur
808 3885 978 3945 LXXVIII.
994 3887 1012 3943 6
1028 3904 1123 3963 eoque
1143 3904 1237 3962 nuper
1253 3904 1272 3943 a
1286 3886 1468 3964 westphalio

483 3990 550 4039 sunt
571 3985 707 4041 reuocati.
751 3983 811 4043 Sed
835 4002 853 4043 a
876 3985 960 4042 tertia
983 4001 1111 4059 persona
1134 4000 1210 4059 quae
1233 3983 1265 4040 in
1286 4002 1467 4062 unoquoque

483 4077 607 4136 disticho
629 4079 733 4155 iegitur
764 4099 776 4139 1
801 4078 904 4139 Gallus
923 4081 1004 4139 labet
1010 4081 1138 4158 fratres,
1167 4099 1185 4155 3
1210 4078 1313 4139 Gallus
1332 4082 1413 4141 tm
1431 4089 1470 4141 est

482 4175 576 4247 tellus,
597 4190 615 4250 5
633 4175 736 4236 Gallus
755 4177 833 4236 lanto
852 4183 894 4237 est
907 4179 1008 4237 stultus
1024 4179 1111 4236 nImis
1129 4179 1251 4254 abrupte
1272 4180 1412 4238 uandtur
1430 4180 1467 4238 ad

485 4274 645 4334 secundam
666 4273 725 4334 Sed
741 4295 815 4334 nunc
835 4277 868 4334 r'd
884 4276 955 4335 doleo
974 4275 1145 4352 quodpurae
1158 4286 1238 4351 pura
1252 4276 1362 4351 puellae
1374 4274 1466 4336 Saura

482 4372 640 4430 conminxit
655 4381 757 4448 spurca
774 4374 868 4431 saliua
882 4380 941 4431 tua.
984 4372 1048 4432 Nec
1061 4373 1138 4431 bene
1151 4381 1219 4448 post
1231 4371 1432 4432 LXXXVIII.
1448 4376 1480 4452 8,

484 4467 678 4529 collocantru:
711 4471 799 4530 totius
827 4471 907 4528 enim
931 4470 1149 4547 epigrammatis
1170 4471 1244 4546 perit
1265 4488 1391 4530 acumen
1412 4471 1464 4529 nisi
