3142 5059
502 384 728 450 CARMEN
758 386 864 451 CXII.
1190 390 1252 451 tlt

233 574 418 659 Nuptasum
441 575 509 639 laus
530 595 574 639 ea
594 577 740 641 laudibus
762 579 913 641 eximiis:

189 688 250 753 sed
271 689 377 754 cuiuis
397 692 545 774 quamuis
567 693 675 775 potius
694 692 900 755 succumbere
923 709 982 775 par
1003 700 1066 776 est,

233 797 341 887 Qam
363 811 500 866 matrem
522 803 636 867 fratres
659 804 819 888 courum
842 822 880 866 ex
903 813 1025 889 patruo.

627 1252 732 1318 CXII.

186 1409 332 1475 Mvuws
352 1412 449 1475 homo
470 1432 516 1497 es,
538 1412 644 1499 Naso,
667 1434 770 1498 neque
792 1425 900 1480 tecum
923 1416 1042 1480 multus
1064 1416 1161 1479 homo
1182 1415 1237 1499 qui

232 1524 434 1590 Descendit:
462 1526 568 1611 Naso,
590 1528 711 1591 multus
731 1548 767 1592 es
789 1538 823 1591 et
846 1530 1005 1614 pathicus.

129 1818 159 1855 a.
205 1797 260 1846 iaus
279 1807 316 1848 cst
334 1804 427 1857 radies
443 1822 527 1857 omues
613 1819 631 1857 e
649 1805 762 1871 Scaliger
780 1804 854 1875 uulgo
871 1815 897 1858 et
914 1806 1023 1859 Msbm.
1111 1820 1146 1858 ex
1159 1808 1252 1859 Passe-

85 1874 184 1925 ratius
196 1872 321 1942 Roepenss
390 1873 418 1927 N
420 1881 547 1943 uptamm
560 1880 602 1928 est
614 1875 699 1929 lause
712 1877 818 1929 Statius.

130 1960 159 2008 3.
201 1942 255 1995 Seu
269 1946 299 1996 Η
383 1946 460 1999 cuius
473 1946 582 1999 ADLV
663 1948 814 2015 quanuisG
905 1963 988 2015 quam
1000 1948 1030 1999 Η
1121 1946 1252 2015 poc'iusO

87 2029 144 2081 par
164 2020 211 2067 est
230 2016 309 2068 Dacd
324 2018 423 2070 Vossius
435 2018 544 2071 Lachm.
556 2018 586 2069 Η
632 2028 652 2071 t.
664 2019 737 2087 Heys.
749 2017 838 2071 Rossb.
850 2018 972 2072 Schwab.
1087 2033 1149 2088 pars
1167 2024 1209 2071 est
1227 2019 1253 2069 B

87 2085 251 2155 pseststo
336 2099 396 2148 pars
410 2089 451 2135 est
461 2098 518 2141 eeu.
612 2090 862 2142 asestPaetheuius
875 2088 957 2159 uulgo.

129 2176 158 2221 4.
199 2159 361 2212 om.1.am.
367 2170 414 2227 pr.
501 2161 622 2213 materh
711 2170 772 2230 post
790 2158 889 2213 fratres
900 2162 1012 2229 spatium
1022 2170 1061 2213 est
1072 2160 1099 2213 in
1112 2161 1179 2225 Dae,
1192 2168 1252 2227 post

88 2233 191 2281 mater
202 2228 260 2281 iah
352 2236 383 2283 et
394 2248 419 2296 c¹
502 2231 591 2301 Ῑῖηῖιῖό
604 2233 633 2285 A
726 2230 834 2285 efficere
841 2242 901 2302 post
912 2230 1012 2285 fratres
1023 2232 1084 2285 add.
1097 2230 1168 2295 Itali,
1179 2239 1205 2282 et
1215 2232 1252 2282 sic

89 2298 132 2351 ed.
142 2300 196 2353 Pr.
209 2298 284 2369 uulgo
363 2302 502 2369 suscipere
513 2306 617 2372 Hayss'us
701 2302 849 2371 concipere
861 2302 1027 2356 Rossbachius
1105 2317 1140 2355 ex
1152 2306 1253 2369 patruo

89 2384 197 2437 parere
211 2371 364 2441 Daers'ngius
376 2373 545 2429 Froeblichu'us
557 2374 709 2428 &hisatius
779 2372 875 2426 fratrei
887 2388 917 2427 se
929 2371 1021 2427 facere
1033 2374 1166 2443 Raeperau

655 2558 725 2612 IIII.

130 2645 201 2698 Cum
213 2663 236 2698 c.
248 2646 317 2699 CXI
324 2648 470 2700 continuam
481 2648 572 2700 codices
585 2559 677 2701 omnies.

134 2750 160 2787 1.
202 2735 243 2778 ost
259 2733 331 2787 cadet.
349 2736 449 2787 Vossius
463 2734 534 2805 Vutp.
546 2736 654 2789 Lachm.
666 2733 756 2788 Rossb.
850 2744 938 2793 neque
949 2728 1259 2787 ABCGHLLo¹La²0V

95 2800 158 2857 Ven.
169 2803 211 2857 ab
331 2820 383 2858 nec
402 2806 431 2858 D
448 2806 629 2859 Lachmannus
645 2807 743 2875 Haupt.
755 2803 844 2859 Rossh.
966 2820 1022 2857 non
1041 2806 1115 2859 Geor.
1134 2805 1164 2855 de
1183 2804 1252 2858 Allia

95 2889 162 2927 nam
179 2876 202 2927 d
219 2875 333 2945 Scaliger
349 2872 420 2945 Vulp.
435 2877 514 2930 Doer.
526 2875 581 2930 Sili.
594 2878 667 2945 Heys.
781 2891 876 2930 secum
896 2877 994 2928 Vossius
1053 2930 1054 2933 ,
1113 2874 1252 2945 homoque

97 2944 343 3000 AGHLLa¹La²V
354 2948 412 3000 Ven.
518 2947 603 3001 homo
620 2946 669 3001 sed
687 2948 711 3000 B
728 2968 746 3001 a
763 2967 811 3001 sec.
830 2966 900 3001 man.
918 2948 946 3001 D
961 2946 1000 3000 ed.
1013 2948 1060 3001 Pr.
1135 2976 1141 2983 ·
1167 2947 1252 2999 homo

95 3022 139 3069 est
157 3018 217 3071 tad
329 3018 413 3071 homo
432 3018 480 3072 Go
598 3017 683 3071 homo
700 3020 747 3086 qui
767 3021 866 3072 Vossius
880 3020 984 3086 Heysius
1103 3016 1187 3071 homo
1209 3025 1252 3071 est

97 3087 145 3153 qui
157 3088 276 3158 Scals'ger
286 3088 376 3142 Balth.
390 3091 500 3143 Venator
511 3090 586 3143 cour.
598 3090 629 3141 de
641 3088 711 3143 Allia
723 3091 801 3143 Doer.
814 3089 868 3142 Sill.
881 3090 977 3158 Haupt.
1075 3086 1187 3142 homost
1204 3087 1250 3157 qui

97 3158 253 3213 Schwabius
332 3157 417 3212 homo
428 3159 477 3214 sed
491 3160 642 3231 Calpurnius
655 3161 808 3213 Parthenius
822 3161 952 3215 Guarinus
966 3160 1082 3212 Muretus
1163 3174 1253 3227 neque

96 3233 210 3283 tantum
226 3228 328 3286 multus
343 3229 429 3283 homo
444 3231 493 3284 sed
506 3231 659 3285 Descendis
672 3231 833 3285 casaubonus
914 3232 1032 3283 Fortasse
1049 3245 1139 3297 neque
1157 3236 1252 3283 tecum

97 3299 203 3353 multus
221 3299 306 3353 homo
322 3302 386 3369 quin
405 3302 578 3356 Descendat:
597 3304 643 3356 uix
659 3304 726 3354 enim
745 3302 892 3355 crediderim
911 3299 1052 3354 descendit
1070 3303 1252 3353 coniunctiuum

97 3387 157 3435 esse,
169 3382 200 3423 ut
212 3370 289 3424 addit
301 3374 355 3426 I'er.
368 3374 473 3426 Phoron.
486 3375 509 3426 I.
520 3390 545 3427 a.
555 3390 588 3438 93
602 3372 660 3426 edit
671 3374 736 3426 Hor.
748 3373 829 3442 Epod.
842 3374 893 3425 III.
906 3389 930 3439 3,
945 3374 1021 3441 Vetg.
1033 3372 1099 3425 Aea.
1111 3373 1179 3425 XII.
1190 3376 1251 3438 801,

99 3440 189 3495 carint
202 3442 440 3497 Flauianum
455 3460 478 3497 1.
494 3461 517 3510 1,
532 3443 683 3513 temperint
695 3446 767 3497 Truc.
781 3445 802 3497 t.
819 3461 842 3496 ι.
856 3460 899 3508 4¹·

136 3528 161 3565 2.
198 3514 273 3566 Ηισιι
290 3532 391 3567 uersum
407 3524 433 3567 et
444 3516 542 3585 prioris
560 3530 651 3582 neque
668 3521 762 3569 tectim
780 3515 882 3568 multus
899 3512 983 3566 homo
1001 3512 1067 3582 quin
1087 3510 1142 3565 alia
1159 3531 1251 3565 manus

94 3580 233 3647 pallidiore
252 3594 398 3640 atramento
417 3586 518 3639 addidit
536 3587 564 3638 in
584 3606 603 3639 a
631 3596 636 3601 “
742 3577 889 3631 ὓῡὸθθῐῑίὶίῒ
904 3584 995 3637 codices
1013 3602 1095 3637 omnes
1108 3593 1215 3653 praeter
1232 3602 1250 3635 a

102 3649 263 3707 Desceudat
278 3673 300 3709 a
410 3655 563 3710 Descendis
581 3657 734 3710 Parthenius
752 3657 882 3710 Guarinus
894 3654 1020 3708 sumbus
1034 3654 1143 3708 Aduers.
1154 3654 1252 3709 XXII.

103 3726 134 3772 18
147 3724 267 3779 Muretus
397 3726 444 3779 Te
463 3726 587 3780 escendit
604 3726 694 3781 Balth.
708 3728 818 3781 Venator
945 3726 990 3779 Te
1008 3725 1107 3779 scindit
1125 3726 1257 3795 Hassptius

99 3794 162 3869 Post
178 3795 255 3849 Naso
272 3798 428 3867 interpunxit
445 3798 549 3866 Hessius
664 3803 707 3850 est
724 3805 755 3851 et
773 3800 798 3852 G
814 3797 853 3851 ed.
869 3811 936 3862 1473
1054 3804 1085 3850 ut
1101 3798 1130 3849 Η
1143 3816 1192 3850 om.
1209 3804 1252 3850 est

108 3866 467 3991 Ιζίὶῑῑθῑνῑι-ὶιΑΟΗίαΙὶαῗῙαὸ
567 3868 706 3937 sapiencia
721 3869 742 3921 d
840 3869 875 3922 Η.
888 3870 925 3921 A.
939 3870 962 3921 I.
977 3869 1073 3921 Munro
1090 3870 1252 3938 epigramma

99 3950 135 3985 sss
148 3954 178 3989 sc
197 3940 203 3952 '
224 3941 242 3991 't

224 4023 322 4080 Mutus
333 4025 418 4079 homo
429 4040 467 4091 es,
480 4022 563 4090 Naso,
576 4040 666 4093 neque
678 4029 772 4077 tecum
783 4032 877 4079 mutus
888 4025 998 4079 homost
1011 4026 1058 4097 qui

265 4095 465 4231 {Descendin
483 4094 559 4148 Naso
570 4102 663 4148 mutus
674 4111 705 4149 os
715 4101 746 4148 et
757 4096 893 4164 pathicus.

296 4167 341 4221 Te
352 4166 454 4221 sciisdit

103 4260 128 4344 l)-
136 4284 157 4318 e.
169 4270 213 4336 Tu,
223 4270 304 4344 Naso,
316 4281 385 4324 taces
391 4288 402 4338 ‚·
418 4289 467 4323 non
479 4280 546 4323 tacet
558 4279 637 4322 tecum
647 4267 716 4340 (h.e.
726 4290 782 4336 non,
792 4281 820 4323 ut
832 4282 868 4339 tu,
878 4270 959 4343 tacet)
970 4274 993 4326 is
1005 4274 1047 4341 qui
1058 4282 1084 4325 te
1091 4300 1126 4312 ·-
1132 4290 1142 4341 ,⁸
1159 4268 1193 4325 ab
1204 4270 1250 4324 hoc

102 4336 189 4405 agitas,
200 4342 316 4410 quamuis
327 4343 380 4413 ipse
389 4351 485 4409 taceas,
496 4342 626 4395 edocemur
635 4352 660 4395 te
670 4360 722 4394 esse
727 4342 870 4411 pathicum.
985 4412 988 4417 Ι

630 4611 719 4657 Eez
