3142 5059
456 390 685 452 CARMINVM
710 390 901 452 CATVLLI.
1197 394 1256 451 229

146 572 261 633 Dixerit
273 572 322 633 hic
334 572 447 649 aliquis,
461 572 606 633 euismodi
618 576 769 645 περικοποῖο
789 571 887 631 locum
903 571 1016 631 tamdiu
1032 570 1102 643 dari,
1117 572 1258 648 quamdiu

103 672 239 731 carmina
258 689 326 729 cum
346 671 459 729 musica
478 670 644 729 necessario
667 669 898 744 coniungantur;
927 687 995 728 cum
1017 669 1075 745 legi
1099 671 1256 746 coeperint,

102 788 171 829 rem
198 787 267 828 cum
293 768 467 827 necessitate
495 768 597 843 perire.
650 766 709 826 Sed
731 785 795 825 non
816 776 876 824 tam
899 766 968 824 artis
989 767 1118 825 terminis
1139 767 1257 826 desiun-

101 876 216 942 guntur
236 867 365 925 carmina
375 885 384 939 ;
411 883 482 923 uam
499 874 528 923 et
543 874 702 941 postquam
722 882 790 923 curn
808 864 921 923 musica
936 865 1100 922 necessario
1118 867 1257 941 coniungi

102 964 263 1034 desierunt,
279 981 493 1039 nonnunquam
509 961 770 1021 accommodantur
789 962 925 1032 musicae,
941 962 964 1019 si
983 963 1102 1038 quidem
1116 962 1257 1022 Horatius

102 1062 223 1138 scripsit
236 1060 356 1137 quidem
366 1061 451 1119 odas
470 1068 503 1119 ut
516 1060 680 1135 legerentur
699 1060 894 1135 potissimum,
908 1077 971 1118 non
991 1069 1024 1117 ut
1034 1070 1214 1130 canerentur,
1228 1071 1257 1119 et

102 1172 208 1220 tamen
228 1160 267 1218 ad
280 1160 371 1234 lyram
392 1167 522 1216 cantatas
537 1158 625 1216 luisse
644 1158 706 1215 iure
725 1158 901 1233 sumpseris;
923 1167 951 1217 et
966 1156 1095 1216 Catullus
1109 1152 1256 1233 Epithala-

102 1257 169 1315 mia
182 1274 235 1315 sua
248 1273 311 1314 non
323 1254 438 1313 uidetur
453 1273 471 1312 a
484 1255 581 1314 modis
596 1254 777 1324 dissociasse,
793 1271 962 1331 quanquam
976 1256 1113 1331 pleraque
1127 1256 1257 1313 carmina

102 1354 271 1429 legentibus
284 1351 490 1410 tantummodo
504 1350 692 1410 commendat
708 1348 841 1428 (XIVb);
857 1360 885 1409 et
899 1352 986 1410 etiam
1001 1354 1025 1411 si
1040 1352 1146 1411 modos
1160 1362 1257 1412 sustu-

102 1451 183 1520 leris,
198 1468 259 1508 non
274 1451 414 1509 continuo
424 1449 509 1509 tollas
522 1448 703 1507 diuisionem
745 1447 844 1507 Immo
858 1468 983 1525 augeas;
1005 1468 1074 1508 nam
1089 1468 1149 1526 quo
1164 1451 1258 1527 magis

103 1550 245 1624 leguntur
268 1548 407 1619 carmina,
430 1548 487 1606 hoc
509 1548 604 1622 magis
628 1547 703 1605 fiunt
723 1548 878 1606 artificiosa
886 1567 893 1619 ;
924 1548 1034 1607 artificii
1058 1559 1156 1607 autem
1177 1551 1259 1608 bona

103 1664 177 1723 pars
198 1646 229 1703 in
248 1644 306 1704 hoc
319 1646 385 1721 ipso
399 1646 495 1721 posita
512 1655 556 1703 est
570 1655 611 1715 ut,
626 1644 874 1720 quemadmodum
892 1645 1101 1723 ineloquentia
1121 1665 1182 1705 non
1197 1657 1259 1706 tota
1366 1672 1367 1677 ¹

104 1743 205 1802 solum
219 1744 314 1801 oratio
328 1743 358 1800 in
372 1752 469 1819 partes
486 1742 631 1817 digeritur,
646 1742 699 1800 sed
713 1750 743 1799 et
756 1742 876 1817 singulis
891 1743 1021 1817 partibus
1043 1762 1112 1802 suus
1127 1745 1259 1803 tribuitur

105 1840 186 1900 ordo
205 1850 235 1899 et
256 1840 336 1899 color
358 1840 517 1911 sententiis,
532 1840 573 1898 sic
590 1840 720 1898 carmina
741 1858 824 1898 suam
847 1839 973 1898 habeant
992 1844 1151 1914 συμμορίαν
1171 1866 1199 1898 τε
1218 1846 1259 1899 καὶ

103 1940 255 2013 εὐρυθμίαν.

149 2036 211 2095 Sed
231 2035 301 2095 illud
322 2044 425 2094 contra
441 2035 582 2104 afferunt,
603 2043 708 2109 poetas
729 2034 753 2092 si
775 2034 905 2093 carmina
926 2038 1051 2109 ἰσόμετροι
1072 2035 1102 2093 in
1123 2036 1258 2111 strophas

103 2134 298 2210 redegissent,
321 2135 399 2191 notis
422 2150 526 2191 usuros
550 2132 639 2191 luisse
662 2131 847 2191 diuisionum.
901 2132 980 2191 Nam
1007 2133 1078 2191 tales
1106 2146 1258 2210 usurpatas

104 2234 197 2291 fuisse
221 2232 253 2289 in
274 2230 456 2290 Graecorum
479 2230 574 2306 lyricis
599 2230 777 2289 carminibus
798 2230 904 2289 docere
926 2230 1178 2306 Hephaestionem
1199 2236 1259 2306 περὶ

104 2336 230 2409 appeler.
273 2335 333 2407 Qui
354 2336 428 2394 haec
451 2334 529 2405 dicit,
549 2336 600 2394 ubi
624 2337 898 2413 monostrophicum
923 2348 1000 2397 esset
1021 2356 1137 2414 poema,
1162 2339 1259 2414 qualia

104 2441 249 2515 pleraque
262 2436 456 2496 Anacreontis
473 2435 609 2512 Sapphus
623 2437 732 2509 Alcaei,
747 2438 869 2513 singulis
889 2436 1016 2512 strophis
1032 2436 1257 2512 paragraphum,

105 2536 192 2593 finito
213 2536 324 2611 apponi
345 2536 486 2593 coronida
500 2556 544 2598 :t
588 2533 619 2591 Si
640 2539 703 2591 nard
724 2536 865 2610 περικοπὴν
884 2536 1023 2610 scriptum
1040 2545 1126 2605 esset,
1141 2534 1199 2592 hoc
1214 2544 1259 2593 est

105 2652 178 2693 cum
205 2633 325 2709 stropha
352 2632 544 2709 Antistropho
571 2630 689 2707 Epodo,
713 2642 781 2708 post
804 2632 934 2708 singulas
963 2631 1096 2707 strophas
1121 2641 1149 2689 et
1174 2630 1259 2690 Anti·

106 2728 247 2805 strophos
260 2762 324 2799 -,
345 2738 414 2805 post
427 2729 551 2805 Epodos
566 2744 611 2798 tt,
630 2728 711 2786 finito
729 2728 858 2786 carmine
880 2728 1049 2786 asteriscum
1065 2722 1106 2805 ><
1129 2730 1257 2805 appingi,

106 2828 266 2903 praecipue
280 2827 330 2885 ubi
347 2844 474 2901 sequens
491 2843 610 2884 cannen
624 2824 681 2882 alio
695 2834 790 2882 metro
808 2824 1006 2899 compositum
1020 2835 1105 2895 esset,
1120 2836 1152 2883 ut
1166 2826 1259 2902 plera-

106 2941 168 2998 que
189 2940 226 2979 ex
246 2922 493 2997 monostrophicis
507 2921 700 2980 Anacreontis
715 2919 851 2995 Sapphus
866 2920 966 2979 Alcaei
977 2940 984 2992 ς
996 2924 999 2929 “
1010 2922 1051 2980 sic
1069 2921 1177 2980 lactum
1194 2941 1260 2982 esse

105 3021 138 3078 in
152 3019 358 3095 Aristophanis
372 3020 500 3078 editione
514 3019 634 3089 Alcaei;
656 3028 759 3077 contra
779 3018 809 3075 in
827 3018 1012 3077 Aristarchea
1029 3038 1088 3095 qua
1102 3019 1258 3095 Hephaes-

105 3118 199 3176 tionis
218 3128 351 3193 tempore
372 3128 528 3189 uterentur,
546 3119 633 3175 etiam
653 3126 765 3175 mutato
785 3127 899 3174 tantum
920 3117 1056 3175 carmine.
1098 3118 1135 3175 In
1155 3118 1261 3177 fabulis

106 3214 223 3289 uulgari
244 3214 344 3290 diplen
365 3225 395 3272 et
418 3214 536 3289 quidem
556 3216 604 3284 riv
619 3216 671 3285 ἔξω
692 3221 736 3285 <,
750 3215 876 3272 eandem
894 3232 958 3273 raro
976 3215 1075 3272 uenire
1097 3215 1126 3271 in
1147 3214 1259 3289 lyricis;

106 3313 165 3371 nisi
187 3312 267 3388 quod
287 3313 319 3369 in
336 3311 486 3370 Alcmanis
508 3310 651 3387 poematis
672 3311 904 3386 quattuordecim
927 3310 1119 3385 stropharum,
1134 3329 1209 3385 quae
1230 3313 1261 3370 in

106 3411 184 3468 duas
204 3420 301 3486 partes
322 3410 484 3484 descriptae
506 3418 604 3467 essent
625 3418 812 3483 septenarum
833 3408 912 3465 idem
933 3418 1058 3465 metrum
1079 3406 1260 3480 habentium,

105 3508 213 3566 harum
235 3508 324 3566 altera
348 3508 446 3583 diplen
467 3506 587 3565 haberet
609 3507 764 3582 appictam,
787 3506 875 3563 altera
900 3516 1016 3563 careret.
1062 3504 1153 3563 Addit
1175 3516 1261 3566 notas

103 3604 287 3676 fabularum3
310 3605 341 3661 in
354 3604 399 3662 his
416 3602 630 3679 paragraphtun
648 3603 848 3678 anapaesticus
867 3603 1044 3678 partitiones,
1060 3621 1133 3679 quas
1154 3603 1261 3662 chorus

105 3711 225 3761 caneret
246 3704 275 3757 ἰν
295 3708 327 3772 τῇ
347 3704 461 3777 παρόδῳ,
476 3702 550 3760 inter
570 3719 601 3759 se
626 3700 799 3776 disiungere,
814 3700 1029 3777 paragraphum
1050 3720 1118 3759 cum
1139 3710 1261 3778 utraque

105 3803 190 3869 διπλῇ
203 3799 234 3857 in
248 3800 382 3875 parabasi
395 3799 527 3875 usurpari
541 3798 769 3858 comoediarum.

148 3894 236 3954 Haec
256 3896 303 3954 ille
323 3896 361 3955 de
375 3896 501 3971 strophis
522 3898 612 3967 iustis,
628 3899 691 3956 sine
712 3907 824 3955 mutato
846 3898 981 3973 rhythmo
996 3896 1137 3969 definitis3
1160 3899 1261 3974 quales

105 3993 137 4050 in
163 3990 345 4050 Graecorum
374 3992 479 4050 sabulis
506 4002 574 4050 sunt
602 3993 689 4050 etiam
713 3994 924 4069 anapaesticae.
977 3993 1058 4065 Quid
1080 3996 1110 4053 in
1134 3994 1261 4071 strophis

106 4088 232 4147 omniuo
253 4089 400 4161 ἰσομέτροις
418 4087 529 4146 lactum
548 4088 633 4147 luerit
653 4107 715 4147 nou
737 4088 806 4148 dicit
827 4090 949 4163 diserte;
975 4092 1028 4150 sed
1046 4092 1261 4167 paragraphum

106 4184 198 4244 credo
217 4185 382 4260 significare
401 4187 453 4245 ubi
472 4186 509 4243 de
525 4184 661 4262 Sapphus
682 4186 761 4245 libris
783 4189 915 4247 secundo
936 4206 970 4246 ac
990 4190 1075 4248 tertio
1096 4189 1169 4247 haec
1191 4191 1260 4247 scri-

106 4284 167 4340 hat.
211 4286 261 4338 Διὰ
280 4286 329 4354 μὲν
348 4285 401 4356 γὰρ
421 4286 452 4338 rd
472 4286 500 4339 ἐν
519 4288 573 4341 τοῖς
592 4287 713 4341 παλαιοῖς
731 4285 903 4358 ἀντιγράφοις
922 4288 984 4341 κατὰ
1003 4286 1050 4341 δύο
1065 4289 1129 4357 όρᾷν
1148 4308 1263 4359 παραγε-

106 4378 258 4454 γραμμένου
276 4380 387 4435 ἕκαστον
406 4376 487 4452 ᾆσμα,
502 4383 543 4437 καὶ
556 4383 595 4437 ἔτι
611 4382 654 4437 td
672 4382 703 4437 td
720 4383 799 4450 μηδὲν
813 4382 979 4451 εὑρίσκεσθαι
999 4382 1109 4454 ἀριθμοῦ
1127 4387 1259 4453 περιττοῦ,

107 4478 172 4533 κατὰ
185 4476 341 4548 συστήματα
356 4476 491 4548 νομίζομεν
504 4480 569 4533 αὐτὰ
589 4478 745 4551 γεγράφθαι.
788 4476 879 4548 Quod
900 4479 924 4535 si
941 4495 1043 4536 uerum
1057 4488 1108 4547 est,
1125 4478 1261 4556 strophae
