3142 5059
326 398 384 453 274
726 392 783 451 DE
811 392 1073 453 PARTITIONE

324 572 487 651 Katatropa
494 572 660 650 Omptnlos
668 572 912 650 Metakatatropa
934 572 981 633 Ne
992 574 1113 651 sumtu
1122 574 1244 650 quidem
1256 576 1483 634 numetisdoest

323 670 405 747 quod
422 672 572 749 uniusque
588 672 812 731 comminuerit.
855 670 934 731 Nam
948 671 1126 742 Vseneri14
1152 689 1187 743 ι4
1210 692 1229 743 4
1279 690 1316 730 ra
1345 692 1381 731 rr
1404 693 1419 731 a
1441 691 1483 731 ex

322 768 449 827 eduemo
469 778 547 827 stant
567 766 793 843 WestphaJiauie
817 786 852 839 ι4
879 786 914 839 ¹4
938 786 994 842 303
1023 767 1146 827 Vsenen'
1171 778 1295 833 to÷ro
1318 784 1391 829 ante
1410 769 1483 845 Epu-

322 864 506 942 logum=18
520 882 610 943 quem
623 882 778 925 numerum
797 866 828 923 iu
844 864 951 923 eodem
973 864 1041 925 loco
1061 874 1177 925 secunus
1198 866 1324 925 codices
1345 870 1484 941 σφριβι

323 962 393 1024 iacit
405 962 611 1039 Weetphdiua
653 960 740 1021 Haec
758 961 914 1021 doctorum
933 963 1061 1021 uirorum
1080 962 1238 1023 consensio
1252 976 1372 1039 quanto
1385 964 1483 1039 magis

323 1060 420 1120 ualeat
439 1059 478 1119 ad
500 1058 685 1137 probandam
704 1060 842 1119 carminis
860 1060 1045 1135 partitionem
1060 1076 1149 1136 quam
1163 1058 1201 1117 ad
1216 1058 1410 1119 refirtandam
1422 1061 1484 1117 dis-

322 1159 472 1235 crepantia
484 1176 547 1219 non
559 1170 605 1217 est
617 1158 700 1234 quod
712 1174 860 1216 moneam.
906 1155 986 1216 Nihil
1000 1156 1048 1217 hic
1062 1157 1128 1216 dico
1144 1158 1182 1216 de
1204 1174 1255 1215 me
1277 1160 1367 1235 ipso;
1388 1176 1484 1235 quan-

322 1272 413 1333 quam
425 1256 515 1315 etiam
527 1271 628 1314 meum
640 1258 732 1327 σχῆμα
745 1256 784 1314 ab
798 1272 901 1313 eorum
914 1255 1069 1331 partitione
1083 1272 1145 1314 non
1158 1255 1286 1313 multum
1300 1256 1412 1315 abesse
1425 1254 1485 1313 nisi

323 1352 374 1411 ubi
395 1370 499 1412 uersus
521 1350 727 1413 interciderunt
744 1370 815 1412 mox
837 1352 1058 1412 demonstrabo.
1098 1350 1323 1411 Recenseamus
1346 1354 1484 1413 ordinm

322 1466 428 1509 rerum.

333 1606 340 1617 ⁶
363 1620 409 1701 (ι)
430 1620 503 1683 Νοιι
514 1640 637 1701 possum
651 1634 747 1685 tacere
761 1624 820 1683 Atti
834 1626 864 1683 in
878 1642 926 1683 me
941 1642 1016 1701 quae
1031 1624 1136 1683 fuerint
1149 1622 1306 1682 beneficia.

364 1732 410 1815 (a)
431 1736 511 1797 Nam
530 1736 601 1796 mihi
624 1739 656 1796 in
675 1739 852 1815 grauissimo
875 1738 977 1798 dolore
997 1738 1169 1815 opitulatum
1193 1736 1286 1807 uenit,
1309 1738 1369 1797 riui
1391 1741 1482 1797 instar

464 1834 608 1893 uiatorem
620 1834 785 1905 reficientia,

364 1946 410 2026 (4)
430 1947 487 2007 Vei
500 1958 605 2007 nautas
623 1948 803 2008 subleuantis
818 1966 914 2019 aurae,
929 1948 1000 2008 dum
1017 1948 1139 2007 domum
1152 1949 1271 2024 praebet
1286 1949 1319 2006 in
1333 1966 1399 2026 qua
1412 1964 1479 2007 cum

465 2044 573 2105 Iason
586 2062 718 2105 amorem
731 2062 907 2105 exercerem.

365 2155 411 2235 (4)
431 2154 518 2231 Quae
532 2157 571 2217 ad
584 2176 633 2217 me
646 2157 728 2217 uenit
740 2158 920 2218 Laudamiae
935 2158 1034 2219 similis
1049 2176 1118 2219 cum
1132 2158 1169 2217 ad
1183 2157 1337 2217 Protesilai
1353 2158 1480 2218 domum

464 2255 577 2315 ueniret
587 2272 688 2316 amore
698 2254 826 2332 flagrans
840 2265 869 2314 et
882 2256 979 2316 inuitis
988 2256 1052 2317 Diis
1067 2265 1203 2332 suscepto
1218 2266 1247 2315 et
1260 2273 1335 2315 mox
1345 2259 1480 2333 perituro

465 2353 522 2411 sub
535 2350 636 2411 Troia

362 2463 409 2546 (5)
430 2464 523 2527 Troia
535 2466 614 2526 enim
627 2466 726 2527 omnis
739 2468 852 2527 uirtutis
866 2468 1031 2545 sepulcrum
1045 2478 1116 2539 erat,

362 2580 410 2660 (6)
431 2579 519 2641 Nunc
541 2590 641 2641 autem
662 2581 721 2640 mei
741 2579 845 2651 fratris
866 2581 916 2657 qui
936 2580 977 2639 ibi
998 2580 1180 2657 compositus
1202 2578 1286 2649 iacet,
1309 2595 1382 2637 mee
1404 2595 1479 2637 uero

464 2678 624 2739 commoda
636 2688 730 2739 morte
744 2696 798 2737 sua
811 2679 948 2737 exstinxit
962 2678 1070 2736 omnia.

363 2789 409 2869 (7)
424 2790 524 2863 Quam
537 2793 575 2851 ad
590 2792 712 2853 Troiam
726 2810 794 2853 cum
810 2792 931 2853 Graecis
945 2790 1120 2851 Protesilaus
1134 2800 1291 2867 postquam
1304 2790 1410 2860 iuerat,

361 2903 408 2984 (8)
429 2906 476 2965 Ibi
494 2918 663 2985 peremptus
683 2908 863 2968 Laudamiae
888 2926 1019 2969 amorem
1042 2907 1158 2967 abstulit
1179 2906 1317 2965 barathro
1340 2904 1476 2965 citiorem
1540 2876 1541 2897 ἶ

463 3004 545 3081 quod
558 3004 704 3065 Hercules
717 3023 809 3082 prope
822 3004 975 3065 Pheneum
988 3004 1070 3063 fodit.

361 3113 407 3197 (9)
428 3116 508 3177 Nam
521 3128 551 3177 et
565 3120 612 3178 aui
625 3120 656 3177 in
668 3120 789 3178 unicum
803 3130 943 3196 nepotem
957 3120 1106 3179 caritatem
1125 3127 1155 3176 et
1168 3116 1324 3177 columbae
1346 3118 1377 3174 in
1399 3134 1474 3175 con·
1539 3184 1540 3205 Ξ

464 3216 564 3293 iugem
576 3218 646 3277 uicit
659 3216 831 3276 Laudamia

341 3328 407 3407 (ro)
428 3328 606 3389 Laudamiae
626 3347 688 3389 non
707 3330 790 3406 inpar
810 3330 891 3387 uenit
912 3328 949 3389 ad
970 3347 1018 3388 nte
1032 3328 1147 3389 Lesbia
1190 3326 1276 3399 Quae
1298 3344 1471 3403 quanquam
1539 3279 1540 3304 ³

462 3426 587 3486 infidelis
606 3427 637 3485 in
657 3443 706 3484 me
720 3426 832 3497 dicitur,
847 3425 917 3485 nolo
938 3424 1092 3501 indignari,
1107 3441 1176 3484 cum
1196 3424 1285 3482 etiam
1300 3422 1381 3483 luno
1395 3422 1470 3481 stuta

463 3523 544 3583 Iouis
557 3524 699 3601 patienter
712 3523 793 3581 serat

340 3632 406 3712 (rr)
427 3634 468 3693 At
481 3653 537 3695 nec
551 3636 686 3695 homines
699 3654 768 3696 cum
781 3636 845 3695 Diis
860 3652 1032 3713 componas,

341 3748 409 3821 (ra)
428 3744 548 3822 [Neque
568 3766 627 3823 ego
646 3748 748 3823 peiora
769 3750 832 3809 aliis
855 3766 921 3808 sum
943 3766 1055 3826 passus
1107 3747 1205 3807 Etiam
1226 3762 1351 3805 uxorem
1373 3746 1464 3806 amisit

461 3842 742 4021 ffixedffiffi
760 3846 927 3907 interfector
945 3864 1013 3905 cum
1027 3844 1150 3905 Troiam
1171 3862 1240 3903 cum
1253 3854 1336 3922 patre
1350 3861 1386 3903 ac
1400 3852 1467 3903 nato

339 4047 405 4132 (¹3)
426 4050 494 4128 Ego
507 4070 563 4111 nec
576 4071 699 4113 uxorem
712 4072 768 4113 nec
789 4072 908 4131 prorsus
929 4057 1012 4116 amisi
1026 4054 1174 4126 Lesbiam,
1189 4063 1311 4129 nuptam
1325 4052 1383 4125 alii,
1398 4052 1464 4112 mihi
1537 4116 1538 4120 ,

460 4158 559 4208 autem
572 4149 721 4211 fauentem
735 4168 805 4227 prae
819 4152 933 4212 ceteris.

339 4258 405 4340 (ι4)
427 4259 497 4321 Hoc
510 4281 618 4325 munus
631 4264 709 4324 Attio
723 4266 827 4337 tribuo,
842 4284 880 4326 ne
894 4284 1005 4327 nomen
1019 4267 1081 4326 eius
1095 4282 1226 4343 unquam
1240 4276 1348 4343 pereat.

360 4434 420 4496 Hic
443 4436 513 4498 illud
535 4439 697 4498 notandum
722 4440 878 4516 praecipue
901 4442 982 4516 quod
1005 4458 1050 4500 res
1075 4458 1134 4517 quo
1158 4440 1261 4500 ordine
1284 4456 1316 4497 se
1340 4438 1459 4499 inuicem

1531 4942 1535 5000 i
