3142 5059
292 389 321 447 xl
689 388 1049 451 PROLEGOMENA.

297 570 364 631 cod
380 569 502 629 LXXX.
545 570 684 631 Continet
698 571 845 631 Catullum
863 590 964 632 unum
1006 571 1132 647 Paginas
1150 570 1238 628 habet
1253 588 1291 639 4²
1306 586 1448 629 uersuum

297 672 345 742 28,
367 672 522 730 nonnullas
543 690 580 729 ex
601 671 670 731 loco
691 689 746 730 suo
771 682 876 731 motas.
918 670 1093 748 Plerumque
1113 669 1260 729 consentit
1280 687 1349 727 cum
1370 668 1447 727 San·

295 768 490 841 germanensi.
537 766 596 826 Sed
620 770 750 845 poenitet
772 786 820 826 me
843 769 925 845 quod
946 768 1033 827 nimis
1054 767 1162 827 cursim
1184 774 1308 825 tractato
1332 766 1446 836 codice,

296 864 415 921 nonnisi
429 875 566 941 excerpta
580 865 726 940 quaedam
740 883 779 923 ex
792 882 829 923 eo
844 865 1024 940 reportarim.

343 970 398 1029 Vic.
435 970 472 1029 In
485 971 661 1029 bibliotheca
680 970 797 1047 publica
810 972 970 1030 vicentiae.
1012 969 1258 1028 Membranaceus
1271 978 1317 1027 est
1329 968 1447 1044 paginis

296 1084 336 1144 50
360 1087 499 1128 uersuum
525 1088 571 1140 ²4·
615 1066 753 1126 Continet
776 1067 927 1127 Tibullum
950 1067 1134 1142 Propertium
1157 1063 1312 1124 Camillum
1357 1064 1447 1124 Initio

292 1166 358 1226 libri
382 1167 521 1243 scriptum
546 1176 591 1224 est
613 1163 651 1222 In
675 1164 724 1223 hoc
745 1165 832 1223 codice
852 1168 1024 1223 condiuntur
1047 1163 1164 1221 Titulus
1188 1162 1307 1222 Catulus
1328 1172 1447 1237 proper-

293 1265 353 1321 τίω
367 1282 433 1338 quos
446 1282 493 1338 ego
502 1261 627 1319 Marcus
635 1261 776 1319 Antonius
784 1260 957 1319 Mauroceno
966 1260 1124 1319 transcribi
1132 1262 1239 1319 curaui
1248 1260 1312 1317 dum
1326 1260 1453 1317 Patauii

293 1380 375 1419 essem
390 1358 612 1421 MCCCCLX.
655 1357 900 1435 Interpolationes
914 1360 1013 1418 insunt
1027 1376 1090 1417 non
1104 1376 1224 1433 paucae.
1260 1356 1350 1415 Hunc
1364 1358 1447 1417 codi-

296 1475 363 1516 cem
383 1456 457 1516 lalso
477 1458 547 1517 dixit
562 1456 692 1516 Blumius
714 1458 744 1515 in
762 1457 939 1516 bibliotheca
956 1458 1095 1515 librorum
1109 1456 1374 1530 manuscriptorum
1389 1455 1449 1512 lta-

293 1555 350 1615 liae
371 1573 399 1631 p.
414 1574 471 1629 234
488 1556 627 1630 scriptum
641 1573 720 1614 anno
738 1558 825 1629 1360.
867 1555 936 1632 Ipse
951 1553 1004 1613 sed
1017 1554 1133 1629 parcius
1146 1552 1287 1628 excerpsi
1329 1551 1449 1609 Praeter

295 1652 350 1711 hos
365 1652 395 1709 in
410 1651 517 1710 Museo
532 1651 700 1711 Britannico
722 1671 773 1710 sex
795 1661 864 1711 sunt
884 1654 1002 1711 codices
1021 1651 1102 1727 digni
1115 1652 1165 1726 qui
1183 1650 1381 1720 exhibeantur,
1396 1650 1449 1725 qui

296 1767 402 1809 omnes
417 1748 587 1807 minusculis
601 1748 689 1808 literis
705 1767 783 1808 ame
798 1750 982 1808 denotantur.

336 1881 363 1920 α.
400 1860 701 1937 Add.Mss.11,915,
723 1861 970 1922 Membranaceus
990 1860 1085 1920 forma
1105 1861 1288 1938 quaternaria
1308 1858 1448 1932 minima;

295 1958 365 2017 lolia
374 1958 463 2017 habet
475 1962 527 2033 ⁶93
543 1959 674 2034 singulae
685 1960 810 2036 paginae
824 1973 858 2034 ιγ
872 1970 940 2019 sunt
949 1976 1096 2019 uersuum.
1126 1959 1163 2017 In
1176 1957 1235 2017 fine
1249 1958 1389 2033 scriptum
1403 1967 1449 2016 est

295 2052 445 2130 ‘Scripttu
458 2058 652 2131 completusque
663 2068 715 2131 per
728 2076 769 2115 mc
781 2081 916 2129 ιερωνιμον
928 2060 957 2114 δι
970 2068 1109 2131 Χρισπαυο
1123 2057 1263 2114 notartitm
1276 2057 1449 2112 tarua'rt'rrum

296 2157 480 2227 ‘peccatorem
505 2160 532 2211 et
551 2155 696 2230 t'ndtgnum
708 2154 859 2233 famulum
879 2155 909 2211 Γσ
929 2156 987 2225 xffi.
1013 2154 1108 2225 1460!
1150 2152 1196 2210 Ex
1217 2154 1324 2212 eodem
1344 2152 1449 2210 codice

297 2250 402 2309 ductus
423 2260 467 2309 est
488 2268 522 2309 ac
544 2249 686 2323 Datanus,
702 2252 740 2311 ad
759 2270 849 2327 quem
870 2251 1003 2327 proxime
1023 2250 1146 2319 accedit,
1161 2250 1216 2307 nisi
1231 2250 1313 2326 quod
1330 2250 1449 2325 saepius

295 2347 487 2424 interpolatus
512 2357 565 2407 est.
615 2348 706 2407 Hunc
731 2349 866 2407 codicem
894 2348 1014 2407 maximi
1038 2348 1134 2406 habeo
1145 2366 1154 2418 ;
1184 2348 1345 2406 certissima
1368 2348 1449 2406 enim

295 2444 485 2521 praesefert
503 2447 589 2521 signa
609 2446 789 2516 sinceritatis,
804 2446 959 2523 praecipue
981 2445 1106 2504 sormam
1127 2445 1274 2503 literarum
1293 2446 1450 2515 maiorum,

297 2552 327 2601 et
347 2544 548 2619 conuptiones
570 2563 607 2602 ex
628 2546 749 2621 antiquo
768 2544 928 2620 exemplari
949 2544 1060 2614 ductas,
1074 2561 1229 2602 numerum
1243 2544 1369 2619 denique
1383 2561 1450 2601 uer-

299 2658 385 2700 suum
399 2642 449 2716 qui
463 2642 493 2699 in
507 2651 629 2719 utraque
643 2644 751 2718 pagina
765 2643 864 2719 scripti
878 2652 955 2713 sunt,
969 2659 1059 2718 quem
1077 2643 1116 2701 ad
1131 2641 1279 2717 archetypi
1293 2659 1451 2700 numerum

299 2738 433 2813 proxime
453 2737 592 2796 accedere
611 2738 764 2797 existumo
809 2737 980 2798 Taruisinus
998 2739 1046 2798 ille
1064 2740 1195 2816 quisquis
1214 2738 1275 2808 tuit,
1289 2757 1327 2797 ex
1345 2738 1450 2798 codice

299 2834 423 2893 sortasse
438 2835 590 2911 descripsit
604 2836 654 2911 qui
669 2838 699 2893 in
714 2834 851 2895 Heluetia
864 2836 912 2895 uel
932 2837 962 2895 in
979 2838 1099 2913 regione
1113 2838 1189 2895 circa
1203 2836 1343 2895 Carnicae
1356 2834 1451 2912 Alpes

299 2942 429 3007 repertus
451 2941 495 2991 est
516 2951 534 2991 a
554 2951 615 3009 quo
635 2933 665 2991 T
665 2934 803 2993 amisium
819 2932 962 3014 (Treuiro)
981 2953 1043 2993 non
1062 2935 1151 3010 longe
1172 2935 1263 2992 abest
1313 2931 1394 2991 Nam
1416 2943 1451 2991 ut

299 3030 359 3089 dixi
381 3028 514 3089 Datanus
539 3040 568 3089 et
589 3050 608 3087 a
631 3049 692 3089 non
716 3032 819 3090 iniuria
846 3032 884 3091 ad
911 3032 999 3089 aliam
1026 3032 1169 3107 originem
1191 3032 1327 3090 uidentur
1350 3030 1452 3089 referri

300 3143 388 3203 posse
408 3144 442 3184 ac
458 3126 667 3186 Gemmnensis
688 3138 716 3186 et
738 3129 825 3187 ceteri
846 3128 973 3187 codices.
1016 3128 1084 3187 Hos
1105 3139 1202 3187 autem
1223 3147 1242 3186 a
1262 3128 1378 3187 Gallico
1398 3147 1451 3186 ex-

300 3222 421 3299 emplari
435 3223 528 3283 iactos
543 3225 730 3284 coniecimus.
773 3224 814 3283 Vt
828 3235 859 3284 ut
876 3244 908 3284 se
929 3244 975 3284 res
995 3224 1084 3284 habet
1104 3226 1143 3284 ab
1164 3226 1270 3283 eodem
1291 3224 1450 3301 archetypo

301 3337 406 3379 omnes
420 3320 629 3395 profluxerunt.

341 3424 366 3483 b.
401 3425 478 3485 Add.
491 3425 563 3485 Mss.
582 3442 697 3502 ta,0o5,
709 3438 867 3497 cartaceus,
880 3427 974 3487 forma
986 3428 1118 3503 oblonga
1130 3426 1325 3504 productiore.
1360 3426 1451 3486 Foliis

304 3540 400 3581 1-111
429 3523 570 3583 Martialis
594 3525 816 3601 Epigrammata
839 3526 946 3601 scripta
970 3534 1046 3596 sunt,
1072 3523 1226 3600 urb-129
1250 3522 1356 3581 Catulli
1380 3524 1452 3599 Epi·

300 3630 464 3695 grammata
479 3630 508 3678 et
521 3631 658 3697 poemata
671 3624 759 3681 uaria.
802 3621 917 3681 Desunt
931 3623 1042 3699 primae
1060 3623 1146 3698 primi
1159 3622 1300 3697 cuiusque
1313 3620 1450 3679 uocabuli

300 3718 408 3777 literae.
450 3717 600 3795 Abruptus
615 3730 659 3778 est
673 3720 703 3779 in
717 3739 804 3779 uersu
819 3739 878 3792 400
893 3722 1029 3781 carminis
1044 3720 1144 3779 LXIV
1158 3721 1260 3796 lugere.

343 3842 365 3881 c.
400 3822 478 3881 Add.
494 3821 567 3883 Mss.
587 3827 702 3899 tr‚674.
726 3824 991 3896 ‘Membranaceus
1006 3824 1157 3885 Tibullum
1173 3835 1203 3884 et
1217 3825 1365 3885 Cattrllum
1378 3845 1451 3887 con-

301 3920 382 3979 tinet.

342 4024 369 4081 d.
406 4024 588 4085 Burneianus
606 4045 640 4101 ¹3
645 4046 671 4101 3.
702 4026 955 4099 Membranaceus‚
970 4028 1093 4104 scriptus
1108 4029 1224 4105 paginis
1242 4047 1298 4101 114
1312 4048 1451 4090 uersuum

305 4141 352 4181 ao.
395 4121 523 4182 Multum
537 4123 727 4201 interpolatus
739 4135 793 4185 est.

344 4228 372 4286 h.
408 4228 583 4289 Harleianus
601 4243 687 4306 2574.
719 4230 878 4291 Cartaceus
891 4230 987 4290 forma
1000 4232 1150 4291 octonaria
1164 4233 1313 4291 crassiore.
1350 4232 1453 4292 Habet

303 4324 468 4401 folia139;
493 4327 624 4401 singulae
648 4328 773 4404 paginae
801 4329 971 4405 plerumque
997 4348 1036 4403 30
1060 4346 1163 4389 uersus
1190 4330 1451 4405 comprehendunt

306 4420 434 4499 Scriptus
455 4433 500 4483 est
520 4424 699 4497 nitidissime,
714 4444 805 4485 manu
819 4426 920 4485 Italica
938 4426 1017 4485 tenui
1036 4444 1071 4484 ac
1090 4427 1268 4485 rotundiore.
1310 4426 1354 4485 Ff.
1373 4447 1451 4503 1-34
