3142 5059
330 396 390 453 228
732 391 790 451 DE
814 390 1076 453 PARTITIONE

328 579 383 631 mir
394 574 543 651 eiipdurir
558 575 756 645 οοτνπόδροον
770 575 813 631 δαὶ
829 574 1004 647 Τερπάνδρου·
1024 575 1119 631 ἐκεῖνος
1136 576 1202 647 γοῦν
1218 572 1279 629 rode
1297 573 1485 647 αδορᾳδιιυία

329 676 455 747 septenos
471 672 592 743 ὄνόμοοε
608 674 731 729 Βοεόηόν
749 694 807 727 m
827 673 868 727 rol
881 672 994 743 Αἰόλιον,
1008 674 1136 744 Τροχαῖόν
1151 692 1180 726 τε
1200 672 1242 725 ul
1253 668 1342 741 Ὀξὺν,
1358 675 1486 739 Καπύη

328 792 359 827 rr
379 772 421 826 καδ
432 770 606 843 Τεροῶδρεον
624 774 719 835 ναλΐνν,
737 770 808 825 ἀλλὰ
828 771 879 840 μὴν
900 771 941 825 troi
960 769 1128 841 τετραοίδιον.
1156 769 1292 838 maimo«
1312 768 1343 823 di
1365 772 1405 843 τῷ
1420 778 1485 839 Τερ-

328 868 435 943 σείνδρφ
454 870 496 923 καὶ
514 869 638 939 προοίμια
656 869 810 943 meppiam
830 868 857 923 iv
876 868 975 925 ierem
1012 865 1073 921 ‘Ora
1093 868 1122 921 δε
1142 866 1348 939 neomutus
1368 870 1485 935 viperei

328 964 411 1021 edit
431 967 461 1037 if
480 966 550 1020 εἀὥν
562 966 729 1031 συνίσταντο,
743 964 869 1033 Τιμόθεον
887 964 1014 1033 idibem·
1034 964 1096 1021 τοδε
1114 966 1178 1036 γοῦν
1197 966 1317 1037 πρότουο
1337 966 1440 1033 νόμους
1459 966 1486 1018 ε’·

328 1066 405 1120 ἔπεσι
422 1060 578 1136 δεομεγνῦυν
595 1064 782 1135 διθυραμβικὴν
802 1060 875 1133 λέξιν
893 1057 964 1131 ἤδη,
986 1062 1056 1119 ὅταν
1074 1062 1110 1131 με)
1133 1062 1210 1117 εὐθὺς
1230 1060 1301 1129 φὼρ
1323 1066 1485 1133 παρανορύ

329 1164 368 1220 εἶν
389 1164 438 1231 τὴν
460 1162 570 1233 ἀρχαίαν
595 1159 730 1231 μουσικήν.
780 1158 861 1217 Hinc
889 1158 1030 1217 docemur
1057 1156 1264 1233 Terpandmm
1284 1174 1322 1213 ex
1345 1158 1485 1216 uersibus

330 1258 421 1334 epicis
437 1258 500 1316 siue
514 1258 574 1315 suis
588 1258 650 1316 siue
664 1256 790 1315 Homen'
804 1274 912 1315 nomos
926 1255 1038 1325 secisse,
1054 1256 1175 1331 singulis
1188 1254 1286 1312 nomis
1301 1272 1390 1313 suum
1403 1259 1486 1325 μιλοε

329 1372 416 1413 suum
437 1372 547 1412 nomen
567 1352 730 1426 addIdisse;
756 1354 860 1413 secisse
881 1354 968 1413 etiam
989 1354 1142 1431 prooemia
1161 1370 1236 1429 quae
1256 1362 1285 1411 et
1306 1353 1373 1428 Ipsa
1394 1352 1483 1411 hexa-

329 1452 429 1509 metris
448 1452 554 1526 scripta
568 1462 643 1510 sunt.
686 1450 746 1510 HIc
760 1470 867 1510 nomos
882 1470 950 1511 cum
968 1452 1076 1511 cithara
1090 1451 1259 1510 coniunxit:
1280 1448 1395 1508 Clonas
1413 1468 1482 1508 cum

329 1549 408 1607 tibia
450 1548 531 1623 Ergo
552 1550 577 1607 si
597 1548 772 1607 hexametris
793 1551 837 1608 usi
859 1560 926 1609 sunt
946 1551 976 1608 ln
998 1550 1094 1609 nomis
1113 1548 1143 1606 hi
1162 1548 1213 1625 qui
1234 1564 1286 1605 eos
1303 1548 1392 1623 pn'mi
1406 1548 1483 1605 intu-

329 1646 432 1715 lerunt,
446 1646 530 1722 isque
543 1662 610 1705 mos
624 1656 736 1705 tantum
748 1648 863 1707 ualebat
878 1659 909 1706 ut
923 1646 1139 1723 dithyrambicis
1152 1647 1279 1703 numen's
1294 1645 1484 1703 hexametros

330 1743 506 1803 immisceret
520 1745 610 1803 serior
623 1762 780 1803 nomomm
790 1746 913 1822 scriptor
921 1744 1104 1815 Timotheus,
1115 1744 1257 1802 habemus
1271 1760 1363 1800 unum
1379 1744 1482 1801 saitem

329 1858 425 1915 genus
445 1842 607 1899 carminum
621 1842 701 1918 quod
721 1844 862 1917 ῖσόμετρον
875 1852 960 1913 esset,
975 1843 1112 1919 idemque
1130 1843 1161 1899 in
1175 1852 1272 1917 partes
1286 1841 1481 1898 distributim

331 1938 398 1997 Hae
419 1956 495 2015 quae
515 1938 621 1999 luerint
641 1939 781 1998 docemur
801 1959 839 1998 ex
857 1940 923 1999 Iulii
937 1940 1063 2000 Pollucis
1078 1938 1269 1999 Onomastico
1285 1938 1338 1997 IV.
1355 1940 1395 1995 66
1418 1943 1483 2011 μέρη

329 2038 359 2091 δὲ
379 2041 427 2092 τοῦ
448 2038 615 2111 κιδαρφδικοῡ
638 2040 718 2107 νόμου
738 2038 905 2110 Τερπάνδρου
928 2040 1123 2109 κατανείμαντος
1143 2040 1244 2109 ἴπαρχο
1267 2040 1385 2109 με’τορχα
1405 2036 1484 2090 corri-

329 2155 413 2204 rpm
432 2134 641 2205 ρσοκοτᾶτροπα
662 2134 783 2207 ὀμφαλὸν
804 2138 920 2207 σφραγὶς
941 2134 1072 2209 δπῖλογοο.
1111 2132 1199 2213 (Vide
1220 2132 1352 2209 Westph.
1376 2132 1481 2193 Catuli.

330 2248 379 2306 pp.
397 2226 510 2306 73-78)
532 2229 598 2289 Has
618 2241 716 2306 partes
730 2249 791 2289 non
810 2232 847 2289 ab
868 2232 950 2290 initio
971 2250 1075 2290 omnes
1090 2232 1233 2289 exstitisse
1247 2250 1284 2289 ex
1297 2231 1370 2307 ipsis
1384 2234 1483 2289 nomi-

329 2327 416 2385 nibus
431 2326 620 2385 concluditur.
663 2326 793 2385 Fuerunt
806 2328 902 2403 primo
916 2326 1021 2397 Archa,
1037 2325 1209 2404 Omphalos,
1226 2326 1384 2404 Sphragis;
1409 2344 1482 2384 mox

329 2423 445 2483 Archae
460 2424 590 2483 subiecta
603 2423 770 2501 Catatropa,
786 2424 940 2501 Sphragidi
955 2425 1114 2501 Epilogus;
1137 2425 1204 2483 dein
1225 2425 1346 2483 alterum
1367 2426 1483 2485 Initium

330 2520 438 2582 iactum
458 2534 502 2582 est
522 2524 612 2582 altera
632 2522 798 2600 Catatropa
842 2522 900 2583 Sed
921 2524 1091 2583 Aristoteles
1113 2524 1256 2582 Problem.
1280 2525 1339 2581 xlx.
1353 2540 1391 2597 15
1413 2526 1485 2585 dicit

330 2640 438 2680 nomos
456 2640 475 2680 a
493 2622 594 2681 ceteris
615 2620 693 2700 ,tna
712 2626 829 2695 χορικοῖς
851 2622 907 2680 hoc
930 2622 1036 2681 distare
1057 2621 1137 2697 quod
1158 2639 1219 2679 non
1240 2622 1270 2679 in
1292 2622 1484 2697 antistrophis

330 2720 448 2789 fierent3
480 2720 562 2777 cuius
583 2737 702 2778 causam
726 2720 895 2797 essequod
919 2720 957 2778 ab
982 2718 1171 2777 histrionibus
1196 2736 1263 2776 cum
1288 2720 1422 2794 gestibus
1448 2740 1483 2779 ac

330 2827 414 2875 motu
435 2826 595 2891 agerentur,
610 2815 688 2874 unde
705 2816 935 2892 perplexiorihus
956 2827 1055 2874 essent
1072 2816 1169 2874 uerbis
1189 2833 1223 2873 ac
1242 2818 1389 2888 numeris;
1412 2836 1483 2875 nam

329 2912 529 2988 dithyrambos
550 2929 667 2989 quoque
686 2924 844 2989 postquam
865 2932 932 2971 cum
953 2924 1038 2989 gestu
1059 2914 1124 2971 cani
1146 2913 1321 2989 coepissent,
1336 2932 1399 2971 non
1421 2916 1482 2973 iarn

330 3012 438 3070 habere
459 3010 663 3085 antistrophos,
686 3011 832 3085 simplices
860 3012 938 3069 enim
963 3010 1161 3087 antistrophos
1186 3028 1258 3069 esse.
1311 3010 1485 3087 Distingue-

330 3106 436 3165 bantur
457 3108 542 3182 igitur
556 3107 646 3165 Nomi
667 3109 697 3165 ln
718 3118 816 3183 partes
837 3127 912 3179 suas,
931 3108 1058 3184 strophis
1077 3118 1107 3167 et
1126 3108 1314 3185 antistrophis
1336 3111 1485 3168 carebant.

331 3204 419 3263 Vnde
443 3223 505 3263 non
533 3223 649 3281 semper
677 3207 780 3263 abesse
809 3206 913 3263 diuisio
940 3206 1083 3281 colligitur
1107 3224 1125 3264 a
1149 3206 1326 3264 carminibus
1352 3224 1429 3281 quae
1456 3209 1484 3265 in

331 3302 466 3379 strophas
480 3304 612 3362 reuocari
626 3314 775 3378 nequeant
789 3302 976 3377 antistrophis
990 3303 1210 3378 respondentes.
1257 3302 1327 3362 Hoc
1342 3316 1486 3380 quantum

331 3402 444 3459 intersit
456 3402 622 3459 uidebimus
636 3400 666 3457 in
677 3399 828 3457 Theocriti
839 3399 978 3475 Eidylliis,
989 3398 1158 3459 Callimachi
1169 3400 1298 3475 Hymnis
1309 3400 1487 3479 Elegiisque

333 3496 393 3567 Sed
414 3498 492 3555 idem
514 3496 551 3555 de
575 3496 785 3573 antiquioribus
813 3498 996 3570 ἐλεγειοποίυιε
1017 3497 1122 3555 diserte
1143 3497 1229 3555 tradit
1250 3497 1424 3559 Plutarchus
1450 3501 1486 3558 de

332 3592 537 3653 MusicaVIII.
568 3598 617 3651 Kal
630 3596 712 3653 ἄλλον
722 3596 752 3649 δέ
761 3596 834 3649 ἔστιν
847 3596 955 3667 ἆρχαῖοο
968 3598 1045 3664 νόμος
1059 3592 1215 3665 καλούμενος
1230 3596 1342 3667 Κροδίος
1356 3597 1386 3650 ὅν
1399 3600 1483 3669 φησιν

329 3692 460 3761 Ἱππῶναξ
474 3694 624 3764 Μίμνερμον
639 3694 761 3761 αὐλῆσαι.
803 3691 849 3746 Ἐν
869 3692 936 3765 α’ρχῇ
957 3694 1008 3765 γὰρ
1029 3694 1131 3765 ε’λογεῐο
1151 3696 1374 3763 μεμελοποιημένα
1395 3697 1421 3749 oi
1441 3698 1483 3749 nri-

330 3788 412 3862 )lpdol
427 3784 500 3856 ᾖδον.
541 3794 636 3861 Γέγονε
656 3791 686 3845 δὲ
706 3791 747 3871 rol
760 3790 874 3847 Σακάδας
886 3790 1003 3863 Ἀργεῖος
1019 3790 1127 3859 ποιητὴν
1145 3792 1233 3859 μελῶν
1252 3812 1281 3843 τε
1301 3792 1343 3843 καὶ
1363 3791 1484 3863 ἐλεγείαν

329 3888 579 3955 μεμελοποιημένων.
637 3884 727 3956 Quod
750 3886 774 3944 si
794 3886 894 3961 elegos
917 3887 947 3943 in
970 3887 1067 3943 nomis
1089 3895 1265 3961 usurparunt
1288 3885 1483 3945 Mimnermus

334 3980 462 4039 Sacadas
482 3982 574 4057 etqui
595 4000 648 4040 eos
668 3983 769 4041 imitati
783 3994 860 4053 sunt,
875 3982 932 4042 hoc
947 3984 1034 4041 estin
1050 4000 1087 4041 eo
1101 4000 1209 4057 genere
1224 3985 1389 4041 carminum
1405 3983 1482 4059 quod

332 4078 486 4154 partitione
509 4079 640 4154 quidem-
653 4079 823 4138 obstrictum
849 4090 934 4151 esset,
959 4080 1010 4139 sed
1035 4081 1132 4138 minus
1160 4080 1263 4139 ceteris
1286 4089 1365 4137 certa
1390 4080 1479 4137 linita-

331 4194 398 4251 que,
413 4184 548 4250 poterant
569 4176 655 4233 etiam
677 4175 744 4234 alibi
766 4177 866 4251 elegos
888 4176 1024 4235 adhibere
1042 4178 1163 4235 certiore
1178 4177 1281 4235 ordine
1301 4194 1335 4234 ac
1355 4178 1429 4234 serie
1450 4196 1479 4233 se

331 4291 363 4331 se
381 4273 508 4331 inuicem
525 4283 748 4348 consequentes.
791 4273 855 4331 Iam
871 4275 986 4332 iambos
1008 4275 1099 4333 modo
1121 4276 1249 4345 recitare,
1264 4274 1355 4333 modo
1376 4292 1479 4332 canere

331 4382 431 4429 auctor
452 4380 513 4429 erat
534 4370 726 4429 Archilochus
748 4369 807 4446 (De
830 4370 908 4429 lllus.
925 4368 1083 4448 XXVIII).
1137 4372 1226 4443 Quod
1248 4372 1382 4448 quidest
1404 4372 1477 4431 allud

330 4485 419 4542 quam
442 4468 473 4525 in
495 4467 625 4526 diuersas
651 4477 748 4545 partes
776 4468 946 4527 distribuere
969 4471 1107 4528 carmen?
