3142 5059
317 378 376 433 232
721 370 777 430 DE
802 368 1063 429 PARTITIONE

314 572 402 631 super
421 554 525 630 uiginti
545 554 675 613 celebres
695 554 793 611 scolae
819 552 908 611 fuisse
929 552 959 609 in
981 552 1053 609 urbe
1075 548 1263 615 traderentur,
1284 550 1380 623 pretia
1399 564 1474 607 uero

315 652 571 726 grammaticorum
586 660 667 709 tanta
679 649 890 725 mercedesque
904 658 965 709 tarn
979 666 1101 724 magnas
1115 658 1146 705 ut
1161 656 1307 706 constaret
1318 645 1474 704 Lutatium

315 749 503 827 Daphnidem
524 749 716 825 septingentis
737 748 854 806 milibus
881 764 1003 806 numum
1031 764 1049 804 a
1076 744 1115 816 Q.
1137 744 1243 803 Catulo
1270 756 1409 820 emptum
1441 762 1476 801 ac
1534 768 1535 809 1

313 848 396 906 breui
416 847 637 916 manumissum,
662 845 695 904 L.
711 845 868 921 Apuleium
890 845 928 902 ab
947 844 1040 902 Eficio
1063 842 1189 901 Caluino
1208 843 1304 918 equite
1327 842 1475 900 Romano
1534 844 1535 911 f

315 945 475 1021 praediuite
495 944 702 1020 quadringenis
723 943 828 1001 annuis
849 942 1027 1000 conductum
1048 939 1155 999 multos
1177 940 1349 999 edocuisse:
1375 941 1474 998 claros
1534 948 1535 987 3

315 1052 412 1100 autem
428 1041 609 1119 professores
623 1050 690 1099 ante
704 1039 810 1098 Catulli
824 1048 950 1097 aetatem
964 1047 1106 1096 memoret
1121 1036 1309 1105 Nicanorem,
1325 1036 1473 1113 Opilium,
1534 1074 1535 1107 r

315 1138 514 1214 Gniphonem,
543 1138 754 1207 Andronicum,
780 1134 925 1195 Orbilium
948 1135 1102 1211 Pupillum,
1128 1134 1245 1193 Ateium
1270 1134 1471 1211 Philologum,
1534 1172 1535 1187 ,

315 1235 466 1293 Valerium
486 1234 641 1305 Catonem,
663 1234 835 1295 Cornelium
856 1233 1029 1309 Epicadum,
1053 1233 1217 1291 Staberium
1238 1232 1371 1303 Erotem,
1394 1232 1471 1291 Cur·

314 1334 388 1391 tium
415 1332 540 1403 Niciam,
562 1332 729 1401 Lenaeum,
742 1350 779 1390 eo
807 1333 901 1407 magis
929 1331 1037 1390 inclino
1065 1340 1097 1389 ut
1118 1330 1235 1389 credam
1264 1338 1357 1387 totam
1379 1331 1471 1388 Ales-
1534 1378 1535 1381 ,

315 1430 505 1489 andrinorum
540 1428 730 1506 disciplinam,
759 1429 834 1487 inter
867 1428 940 1487 haec
973 1438 1058 1486 notas
1092 1428 1234 1496 metricas,
1263 1425 1382 1486 Romae
1411 1430 1469 1486 iarn

316 1528 468 1587 Ciceronis
481 1538 613 1602 tempore
627 1528 763 1603 uiguisse.
808 1525 887 1584 Nam
909 1526 985 1585 aliud
1004 1543 1097 1602 genus
1114 1536 1256 1595 notarum,
1278 1537 1310 1583 ut
1324 1527 1470 1602 quidquid

314 1644 371 1702 pro
395 1626 533 1684 contione
560 1634 611 1684 aut
633 1625 664 1683 in
688 1625 801 1683 iudiciis
826 1625 969 1683 diceretur
997 1624 1102 1683 librarii
1128 1625 1285 1683 scriberent
1309 1625 1398 1683 simul
1423 1644 1469 1683 as-

314 1732 410 1783 tantes
423 1723 524 1781 mariti
537 1724 610 1780 r'nter
624 1742 652 1780 se
661 1722 794 1798 partibus
809 1727 875 1797 quot
886 1725 998 1797 purique
1014 1722 1099 1779 rurba
1116 1727 1142 1779 et
1157 1740 1209 1797 quo
1221 1722 1317 1778 ordrire
1330 1722 1473 1797 exuberet

314 1823 375 1880 iam
389 1821 502 1880 Ennius
515 1823 683 1879 inuenerat:
704 1831 790 1879 notas
810 1830 907 1879 autern
926 1838 1000 1897 quae
1022 1822 1112 1879 uerba
1124 1820 1171 1878 uel
1187 1819 1311 1895 syllabas
1330 1822 1469 1895 praefixis

315 1920 529 1980 characteribus
544 1928 679 1977 notarent
693 1918 766 1977 Tiro
780 1916 931 1977 Ciceronis
950 1918 1081 1975 librarius
1098 1926 1313 1976 commentatus
1327 1928 1382 1987 est,
1396 1936 1469 1975 mox
1534 1944 1535 1962 κ

314 2019 473 2095 Vipsanius
492 2016 676 2093 Philargyrus
694 2016 802 2091 Aquila
822 2015 934 2075 Seneca
953 2027 1103 2074 auxerunt.
1146 2016 1231 2092 Ipsas
1252 2016 1314 2074 illas
1337 2016 1469 2074 Alexan-

315 2116 466 2175 drinorum
487 2124 572 2173 notas
591 2114 665 2189 XXI
680 2115 785 2191 quibus
799 2115 954 2173 utebantur
974 2116 1005 2172 in
1019 2114 1268 2173 commentatione
1283 2114 1468 2189 scriptorum,
1534 2156 1535 2174 r

314 2215 393 2273 idem
412 2212 569 2272 Suetonius
590 2213 659 2271 dicit
680 2213 710 2269 in
740 2212 976 2270 annotationibus
996 2210 1074 2271 Enni
1097 2211 1188 2269 Lucili
1210 2222 1239 2269 et
1263 2210 1469 2270 historicorum
1534 2226 1535 2289 ζ

315 2331 387 2372 usos
411 2312 500 2371 fuisse
521 2310 650 2369 Ennium
671 2310 845 2386 Aeliumque
868 2320 898 2367 et
918 2319 1067 2385 postremo
1089 2308 1226 2378 Probum,
1242 2326 1332 2385 quem
1353 2308 1417 2367 illas
1439 2311 1470 2367 in
1534 2310 1535 2389 l

317 2409 448 2484 Vergilio
462 2420 492 2467 et
505 2408 631 2469 Horatio
645 2419 675 2467 et
689 2408 826 2467 Lucretio
840 2408 1010 2483 apposuisse
1024 2417 1057 2466 ut
1072 2406 1206 2471 Homero
1220 2406 1432 2467 Aristarchum
1534 2414 1535 2465 l

358 2507 404 2565 Ex
418 2506 463 2565 his
477 2525 552 2583 quae
566 2507 603 2565 ad
618 2524 680 2565 rem
694 2515 824 2564 nostram
838 2506 983 2580 pertinent
996 2503 1070 2563 haec
1085 2502 1175 2563 sunt¹.

367 2612 403 2671 >-
435 2607 514 2683 diple
537 2606 717 2665 obelismene
740 2605 780 2665 ad
807 2605 983 2680 separandas
1012 2605 1041 2663 in
1069 2604 1230 2663 comoediis
1257 2614 1286 2663 et
1310 2604 1470 2681 tragoediis
1534 2572 1535 2603 ἶ

359 2708 465 2767 riodos.

318 2726 357 2785 pe
368 2810 404 2868 -<
426 2821 528 2862 auersa
542 2802 721 2861 obelismene
735 2804 871 2879 quotiens
886 2803 1004 2880 strophe
1018 2813 1047 2861 et
1061 2802 1257 2879 antistrophos
1271 2801 1400 2862 insertur.

368 2908 405 3001 ς
434 2918 510 2994 diple
535 2934 659 2992 superne
683 2917 799 2976 obelata
823 2916 941 2993 ponitur
965 2918 1003 2976 ad
1026 2918 1230 2976 condicionem
1258 2918 1392 2976 locorum
1420 2918 1469 2976 uel

319 3036 512 3097 personarum
526 3016 573 3075 uel
588 3027 753 3092 temporum
766 3026 916 3074 mutatam.

359 3114 473 3173 Eadem
496 3112 627 3171 Isidorus
648 3111 750 3187 Origg.
765 3113 790 3170 I.
811 3130 848 3171 ao
870 3112 926 3171 nisi
946 3112 1029 3188 quod
1052 3112 1150 3189 diplen
1172 3130 1298 3189 superne
1320 3114 1468 3172 obelatam

319 3213 424 3274 omisit

360 3310 476 3370 Harum
500 3327 540 3366 an
566 3308 642 3367 ullae
669 3308 699 3364 in
722 3306 873 3365 codicibus
897 3316 997 3365 extent
1021 3306 1135 3378 Horati,
1160 3324 1221 3365 non
1246 3308 1316 3365 scio.
1360 3308 1469 3369 Extant
1534 3352 1535 3367 r

319 3419 396 3469 certe
418 3410 503 3484 signa
522 3407 719 3483 partitionum,
735 3406 841 3481 quibus
862 3404 1006 3463 interdurn
1028 3404 1164 3482 strophae
1186 3424 1204 3463 a
1224 3405 1362 3481 strophis,
1382 3409 1466 3466 inter-

319 3508 390 3565 dum
411 3505 551 3564 orationis
572 3505 704 3561 membra
724 3502 799 3560 inter
813 3520 844 3560 sc
865 3496 1088 3578 distinguantur,
1102 3512 1134 3560 ut
1151 3501 1287 3561 confecto
1304 3504 1426 3563 circuitu
1440 3518 1467 3564 et

319 3604 404 3679 quasi
425 3604 496 3661 orbe
511 3603 669 3661 uerborum
690 3602 728 3658 ab
741 3600 832 3667 altero
852 3612 1023 3677 argumento
1046 3599 1181 3659 transitus
1202 3600 1310 3659 fiatad
1337 3603 1466 3661 altemm.
1534 3646 1535 3651 η

320 3700 400 3759 Nam
424 3702 455 3757 in
477 3700 599 3776 antiquo
621 3700 723 3758 codice
746 3698 853 3757 Horati
878 3699 927 3775 qni
956 3698 985 3756 in
1008 3698 1115 3757 Museo
1143 3697 1311 3757 Britannico
1340 3714 1468 3761 seruatur

320 3797 417 3877 (Harl.
435 3794 536 3873 2725),
557 3797 630 3855 haec
651 3807 721 3855 nota
742 3794 762 3851 7
787 3796 836 3854 uel
857 3796 886 3851 ·7
911 3796 1002 3855 modo
1025 3797 1055 3853 in
1080 3796 1264 3872 stropharum
1289 3798 1357 3869 line,
1379 3800 1467 3858 modo
1534 3800 1535 3817 ²

320 3894 509 3972 periodorum
527 3894 607 3952 uelut
628 3894 659 3951 in
675 3893 774 3952 Satiris
788 3904 817 3952 et
830 3893 969 3970 Epistulis
990 3896 1087 3969 posita
1107 3904 1159 3953 est.
1203 3894 1290 3953 Hanc
1313 3897 1468 3973 antiquitus

322 3994 459 4053 traditam
480 3993 569 4052 fuisse
589 3992 684 4051 forma
704 3994 822 4063 indicat,
844 4012 905 4052 non
925 3993 1014 4070 longe
1035 4004 1148 4053 remota
1168 3995 1206 4053 ab
1230 3995 1271 4053 eis
1294 4013 1371 4072 quae
1393 3998 1469 4074 apud
1534 4034 1535 4041 κ

322 4092 495 4151 Suetonium
507 4102 536 4149 et
543 4090 691 4150 Isidorum
704 4094 901 4167 reperiuntnr;
917 4110 972 4149 nec
986 4110 1004 4150 a
1017 4109 1089 4151 uero
1103 4093 1174 4150 mihi
1187 4091 1344 4151 abhorrere
1358 4095 1467 4155 uidetur

321 4200 353 4250 nt
366 4188 492 4249 formam
507 4190 546 4248 ita
559 4207 645 4247 usum
660 4207 678 4247 a
690 4190 837 4247 ueteribus
852 4189 889 4248 ad
904 4206 959 4249 nos
974 4190 1149 4266 peruenisse.

568 4341 577 4371 ¹
594 4342 653 4389 Vide
663 4342 755 4389 Suetoui
766 4342 891 4404 Relliquias
902 4343 938 4391 ed.
950 4342 1127 4403 Reylserscheid.
1138 4358 1161 4404 p.
1172 4354 1225 4404 140.
