3142 5059
452 377 681 439 CARMINVM
711 378 902 439 CATVLLI.
1194 385 1253 442 295

89 559 183 618 enim
204 577 305 620 uersus
326 561 356 619 in
373 579 450 636 3322
472 561 632 633 dIscedunt,
648 580 774 639 quorum
794 579 982 621 numerorum
1003 573 1070 638 post
1091 565 1253 623 secundum

90 667 132 716 et
147 667 282 733 quartum
296 661 502 719 tantummodo
515 661 604 737 plena
617 661 649 720 fit
663 661 819 720 distinctio.
857 661 892 720 Id
906 661 993 719 obicit
1007 663 1078 721 mihi
1094 662 1253 739 Coningt0‚

89 765 243 832 tanquam
271 757 374 817 iniuria
401 758 518 830 lactum²
547 777 615 818 cum
643 777 700 836 ego
729 770 797 837 post
825 778 860 835 13
889 761 1097 836 interrumpam
1124 780 1254 833 cannen,

90 852 235 914 Catullus
254 872 316 914 non
335 866 403 916 ante
422 857 552 916 medium
573 876 608 929 ι4
626 856 756 916 Coeuedel
772 859 841 917 istm
885 856 944 916 Sed
962 875 1024 916 non
1043 859 1073 916 ln
1092 861 1254 918 sententiae

91 961 217 1010 tannim
239 953 296 1012 line
318 954 449 1036 Catullus
470 955 586 1028 incidit;
611 956 692 1015 cuius
717 956 741 1014 si
765 957 795 1013 in
819 955 976 1014 incidendo
998 957 1140 1015 rationem
1165 958 1254 1017 habet

91 1059 217 1108 mnurm
241 1051 271 1110 in
296 1053 375 1112 exitu
396 1069 542 1112 uersuum.
595 1052 631 1112 Id
653 1071 720 1113 cum
741 1053 810 1112 alibi
832 1053 935 1125 elucet,
955 1063 1018 1112 tum
1041 1056 1197 1132 praecipue
1223 1056 1253 1114 iu

94 1149 140 1206 X.
159 1152 204 1221 16,
221 1153 267 1222 πό,
285 1167 330 1226 27.
372 1151 462 1212 Aliud
481 1162 525 1212 est
543 1153 622 1212 enim
642 1152 815 1212 sententiam
833 1152 976 1225 claudere,
996 1154 1075 1214 aliud
1094 1158 1253 1228 πορικοπὴνε

94 1247 161 1306 hoc
190 1251 273 1308 metri
301 1259 353 1321 est,
381 1249 451 1309 illud
478 1251 693 1327 grammaticae.
749 1250 929 1328 Quanquam
961 1271 1022 1312 non
1053 1270 1132 1330 nego
1162 1254 1254 1313 rarius

96 1346 250 1406 Catullum
272 1350 327 1408 nisi
348 1350 378 1407 in
399 1350 457 1408 fine
479 1369 580 1410 uersus
601 1350 773 1410 sententiam
793 1350 943 1410 claudere:
965 1353 1056 1412 rarius
1074 1354 1160 1429 igitur
1181 1375 1254 1427 repe-

96 1449 185 1516 κοπῆπ
203 1447 291 1506 finem
311 1467 329 1506 a
348 1448 406 1507 fine
427 1448 592 1526 dIsiungere
615 1449 783 1508 sententiae.
833 1449 869 1507 In
891 1449 1049 1510 XXXVII.
1068 1455 1104 1510 18
1125 1470 1188 1510 non
1208 1462 1253 1512 est

96 1544 186 1620 quod
210 1545 332 1605 multum
361 1547 498 1620 haereas;
531 1547 659 1623 sequitur
682 1547 761 1606 enim
785 1548 938 1607 uocatiuus
963 1547 1082 1624 Egnati,
1104 1549 1158 1626 qui
1185 1569 1253 1610 cum

97 1642 258 1718 emphasin
282 1644 430 1722 quandam
458 1663 528 1721 prae
557 1663 588 1704 se
617 1644 697 1716 ferat,
722 1646 752 1703 in
780 1645 862 1704 initio
886 1663 982 1706 nouae
1009 1652 1148 1721 περικοπῆς
1175 1657 1253 1708 recte

98 1741 217 1816 positus
231 1752 283 1800 est.
326 1741 390 1801 Iam
405 1743 528 1816 πχήροπο
542 1744 703 1802 carminum
718 1753 786 1802 sunt

411 1881 545 1941 XXXVI
576 1895 692 1958 hassa
790 1895 915 1959 Baga3.

410 1988 692 2064 xxxvl1n2332
791 1999 811 2044 B
827 2007 915 2064 33²²·

144 2151 180 2212 C.
195 2151 282 2213 XLII
304 2155 459 2216 Richterus
480 2154 623 2216 Frankius
643 2155 840 2232 Westphalius
864 2173 918 2232 pro
941 2174 973 2215 se
998 2156 1121 2233 quisque
1145 2155 1253 2215 diuise·

98 2261 178 2310 runt.
220 2252 259 2310 Et
272 2251 416 2314 Frankius
437 2255 556 2330 quidem
576 2255 761 2332 prooemium
781 2255 813 2311 in
834 2271 871 2313 eo
892 2254 1030 2313 discernit
1049 2263 1078 2313 et
1096 2265 1154 2313 tres
1168 2257 1252 2330 quasi

98 2359 185 2409 actus
199 2368 325 2427 quorum
339 2353 478 2430 cuiusque
493 2353 582 2411 finem
596 2353 779 2414 intercalares
793 2368 897 2412 uersus
914 2371 959 2418 11,
974 2370 1019 2428 19,
1034 2369 1070 2424 24
1085 2351 1215 2411 indicant

512 2476 827 2561 alemena
938 2505 944 2519 ·

99 2611 138 2670 In
160 2629 221 2688 quo
242 2631 261 2671 a
280 2629 352 2672 uero
374 2612 443 2671 mihi
464 2612 578 2671 uidetur
599 2612 753 2672 abhorrere
775 2612 858 2689 quod
877 2614 895 2670 6
917 2612 1127 2688 Persequemur
1148 2631 1206 2672 eam
1229 2621 1256 2672 et

100 2709 288 2786 restagdemus
309 2728 376 2769 cum
396 2711 542 2787 prioribus
563 2728 624 2770 non
645 2711 806 2788 coniungit,
820 2711 914 2786 iungit
931 2729 999 2771 cum
1020 2728 1057 2769 eo
1076 2711 1127 2788 qui
1147 2711 1252 2772 melius

99 2825 212 2866 nouam
226 2809 367 2883 περικοπὴν
380 2808 511 2885 incipit7
532 2807 608 2879 Quae
620 2811 660 2866 sil
671 2811 814 2885 quaerelis.
843 2807 904 2866 Illa
918 2827 1000 2884 quam
1015 2810 1122 2868 ardete.
1151 2808 1251 2882 Quare

99 2905 233 2964 Richteri
255 2904 484 2983 Westphaliique
510 2905 642 2984 praefero
665 2907 836 2982 opinionem
860 2917 955 2966 totum
980 2924 1099 2966 carmen
1123 2907 1154 2966 in
1179 2908 1252 2968 duas

100 3013 199 3080 partes
217 3021 303 3073 1-12,
323 3023 418 3077 12-24
434 3004 633 3074 diuidentium,
648 3005 766 3064 alteram
785 3005 915 3064 clausam
933 3023 1020 3063 uersu
1037 3002 1139 3076 Redde,
1150 3007 1253 3079 putida

99 3102 222 3172 maccha,
243 3103 385 3173 codicellos,
407 3102 526 3162 alteram
548 3103 590 3162 sio
610 3103 723 3161 Pude'ca
747 3110 774 3160 et
789 3101 881 3178 proba
906 3101 986 3160 redde
1008 3103 1150 3161 codicillos.
1193 3103 1252 3162 Sed

99 3217 164 3258 non
188 3200 331 3259 assentior
352 3199 491 3260 Richtero
515 3200 568 3260 has
590 3219 689 3261 rursus
713 3201 754 3260 sic
777 3200 953 3259 describenti
975 3211 998 3256 A
1016 3218 1093 3274 ²343
1124 3211 1250 3274 Ba343.

100 3297 136 3356 Id
156 3297 235 3356 enim
255 3299 315 3357 iure
335 3296 402 3357 fecit
420 3298 451 3356 in
465 3309 495 3368 A,
510 3315 572 3357 non
590 3299 660 3358 item
679 3300 709 3357 in
724 3308 752 3369 B,
768 3316 836 3356 cum
851 3298 893 3356 sic
906 3295 1002 3354 Redde
1014 3298 1117 3371 putida
1139 3297 1251 3355 maccha

97 3396 235 3453 codicillos
258 3397 322 3469 (πο)
349 3411 411 3454 non
439 3394 555 3455 claudat
579 3397 719 3469 περικοπὴν
744 3393 797 3452 sed
824 3403 996 3470 sequentem
1024 3393 1131 3452 habeat
1157 3412 1249 3452 unum

98 3511 218 3552 uersum
233 3511 251 3552 a
265 3510 325 3570 quo
339 3510 419 3552 noua
432 3492 585 3552 manifeste
599 3492 699 3568 incipit
713 3489 772 3550 Sed
787 3492 832 3548 nil
840 3490 1014 3566 profice'rnus,
1029 3491 1104 3548 mhi!
1118 3496 1250 3550 metetur.

98 3591 203 3668 Itaque
225 3609 293 3650 cum
306 3589 488 3667 Westphalio
507 3592 605 3668 potius
626 3591 656 3648 in
675 3600 797 3666 utraque
816 3598 897 3664 parte
917 3587 991 3647 duas
1010 3588 1145 3665 strophas
1162 3588 1249 3662 facio,

98 3689 153 3750 sed
167 3688 265 3761 aliter;
287 3707 354 3748 cum
374 3689 453 3747 enirn
473 3689 621 3762 ἐπίφθεγμα
640 3685 709 3747 illud
728 3687 811 3744 redde
828 3685 963 3744 codicillos
981 3685 1012 3744 in
1031 3686 1089 3744 fine
1110 3687 1248 3763 strophae

97 3805 216 3863 semper
230 3787 364 3862 requIrat,
378 3803 426 3845 uu.
442 3787 487 3858 16,
503 3799 572 3860 ηπ
594 3786 660 3845 loco
684 3803 738 3844 suo
762 3793 861 3844 motos
886 3782 983 3861 posuit
1008 3793 1077 3859 post
1099 3803 1146 3854 21,
1170 3783 1253 3855 Quod

99 3886 166 3959 (16)
181 3885 213 3943 in
230 3881 290 3955 Quo
303 3884 434 3943 mutauit.
476 3882 568 3955 Quod
586 3882 653 3941 lecit
672 3882 718 3940 ille
737 3881 857 3959 quidem
877 3881 1038 3953 wape'rper,
1053 3881 1105 3940 sed
1124 3892 1157 3940 ut
1177 3882 1249 3944 mihi

97 3983 212 4042 uidetur
231 3999 292 4040 non
311 3983 407 4058 magis
426 3981 592 4040 necessario
606 3998 696 4057 quam
715 3980 739 4040 si
759 3979 896 4039 carminis
910 3978 1014 4036 XXIX
1028 3997 1147 4038 uersum
1168 3980 1248 4039 illurn

97 4083 147 4158 qui
168 4081 215 4140 bis
236 4080 338 4157 legitur
354 4082 395 4153 (5,
411 4081 443 4154 9)
462 4078 499 4138 ad
518 4097 554 4136 ro
574 4078 807 4155 transposuisset,
828 4087 861 4136 ut
882 4076 1020 4154 strophae
1040 4078 1246 4138 concinniores

98 4179 287 4238 efficerentur.
329 4176 375 4236 Cf.
401 4195 476 4253 quae
501 4176 559 4235 dixi
584 4176 621 4235 de
646 4175 741 4234 LXII.
757 4177 833 4249 (66).
875 4175 978 4254 Itaque
1002 4185 1118 4234 seruato
1143 4175 1245 4236 ordine

98 4295 185 4354 quem
205 4286 306 4336 tenent
325 4274 451 4344 codices,
467 4273 604 4334 carminis
624 4277 713 4347 πχῆρπ
732 4272 791 4331 hoc
809 4272 886 4331 facio

446 4415 587 4476 A2442
714 4413 794 4473 1324
819 4422 863 4472 24.
