3142 5059
435 412 665 473 CARMINVM
691 414 882 474 CATVLLI.
1229 414 1287 470 235

98 588 193 649 Harl.
210 596 297 665 2484.
606 594 688 653 Harl.
704 598 793 670 6332.
968 592 1181 652 Lincolniensis
1197 612 1243 667 9²·

52 702 139 779 Igne
155 704 254 766 fallaci
489 708 520 767 Γ
526 710 600 786 Igne
615 709 709 769 fallaci
938 710 1012 785 Igne
1026 707 1120 767 fallaci

46 801 227 882 :Patrioque
240 806 350 882 pendet

46 899 213 977 :Coniugis
227 903 318 964 fatum
490 904 519 964 Γ
525 905 668 983 Coniugis
682 905 774 965 sanun
938 904 1081 980 Coniugis
1095 901 1187 961 latum

46 998 133 1074 :Ipse
149 1001 203 1074 qui
217 1002 357 1077 praedam
489 1002 518 1061 Γ
525 1004 593 1080 Ipse
608 1006 657 1081 qui
671 1006 812 1081 praedam
937 1003 1006 1078 Ipse
1020 1002 1070 1077 qui
1085 999 1224 1076 praedam

46 1095 128 1154 :Iam
143 1098 218 1156 satis
232 1098 292 1157 diui
489 1100 518 1157 Γ
524 1100 588 1160 Iam
603 1103 672 1162 satis
686 1103 745 1162 diui
941 1100 1005 1158 lam
1020 1099 1089 1157 satis
1104 1098 1162 1157 diui

499 1349 640 1411 Oamrus
663 1356 814 1427 881-914.

146 1492 232 1552 Harl.
250 1498 339 1567 2484.
599 1498 681 1559 Harl.
696 1503 786 1575 6332.
1011 1496 1093 1555 Harl.
1112 1500 1199 1571 2483.

46 1609 190 1668 lnossium
207 1628 309 1686 regem
322 1612 428 1671 timens
478 1612 638 1672 Gnossiuni
653 1632 753 1689 regem
767 1614 874 1672 timens
942 1612 1103 1672 Gnossium
1118 1630 1218 1689 regem

477 1708 606 1768 Callidus
620 1710 750 1768 medium
764 1727 854 1767 senex
940 1710 1069 1769 Callidus
1084 1711 1214 1769 medium

475 1806 578 1878 Qualis
592 1808 735 1883 accipitris
749 1808 844 1865 minas
941 1805 1044 1878 Qualis
1060 1806 1205 1881 accipitris

474 1901 580 1961 Donec
593 1904 624 1961 in
639 1913 731 1979 pomo
745 1921 850 1961 manus

46 1996 179 2075 luidquid
192 1999 318 2059 excessit
330 1998 454 2058 modum
476 1998 628 2076 Quidquid
641 2001 765 2058 excessit
779 2000 902 2058 modum
940 1999 1091 2075 Quidquid
1106 1998 1230 2056 excessit

46 2093 85 2154 'ed
98 2097 172 2173 quid
185 2096 245 2156 hoc
475 2095 534 2155 Sed
542 2096 613 2173 quid
621 2097 678 2155 hoc
686 2099 698 2155 i
706 2107 805 2172 postes
817 2107 922 2155 sonant
941 2096 999 2155 Sed
1010 2097 1080 2173 quid
1091 2097 1167 2155 hoel
1182 2106 1281 2172 postes

405 2359 572 2419 Huncunus
600 2360 724 2419 Fuscus
750 2374 899 2435 524-590·

73 2505 284 2567 Lincolniensis
299 2528 347 2583 92.
443 2506 526 2567 Harl.
544 2511 630 2580 2484.
754 2507 837 2565 Harl.
853 2509 944 2582 6332.

47 2617 210 2698 Eurystheus
714 2622 743 2679 Γ
749 2622 928 2699 Eurystheus

47 2712 179 2794 Serpentis
193 2730 304 2779 resecet
715 2719 743 2778 Γ
750 2719 900 2796 Serpentis

47 2810 169 2895 Deceptis
182 2816 286 2876 referat
714 2816 743 2873 Γ
748 2816 888 2893 Deceptis

47 2907 151 2973 lntrauit
166 2913 299 2991 Scythiae
714 2912 742 2969 Γ
748 2914 871 2973 Intrauit

47 3006 218 3089 Calcauitque
232 3012 297 3071 freti

48 3102 99 3167 lllic
111 3129 186 3187 quae
198 3109 293 3171 uiduis

713 3206 742 3263 Γ
748 3207 811 3267 Illic
826 3208 898 3267 dura

48 3294 103 3369 Qua
114 3322 166 3380 spe
179 3304 351 3379 praecipites
446 3299 475 3357 Γ
481 3302 550 3374 Qua
564 3322 616 3380 spe
714 3303 742 3361 Γ
748 3304 817 3376 Qua
831 3323 884 3380 spe
1066 3304 1135 3376 Qua
1148 3322 1200 3380 spe

49 3392 99 3458 lllic
111 3402 189 3460 nulla
200 3411 273 3459 noto
714 3403 742 3461 Γ
748 3404 810 3461 Illic
825 3403 904 3461 nulla

49 3488 160 3558 Euincas
172 3499 283 3557 utinam
446 3496 474 3553 Γ
479 3498 608 3559 Euincas
714 3500 743 3559 Γ
748 3502 876 3560 Euincas
1066 3499 1193 3558 Euincas

50 3586 97 3653 Hic
109 3596 158 3674 qui
170 3613 219 3653 rex
233 3594 349 3673 populis
446 3594 474 3651 Γ
481 3595 539 3655 Hic
554 3599 604 3674 qui
714 3597 743 3654 Γ
750 3599 809 3656 Hic
823 3598 873 3675 qui
886 3616 937 3657 rex
1066 3597 1125 3656 Hic
1140 3598 1189 3674 qui
1204 3616 1254 3658 rex

1065 3694 1103 3754 Et
1117 3698 1219 3757 mortis

53 3778 138 3847 Fatum
151 3806 250 3865 nimpe
263 3807 353 3847 manu
713 3792 742 3851 Γ
747 3792 853 3851 Famm
868 3810 970 3867 rumpe

55 3876 165 3948 lunius
178 3887 270 3963 potuit
446 3888 475 3945 Γ
481 3889 604 3950 inmites
713 3889 870 3950 [Inmites
884 3891 979 3966 potuit
1065 3890 1189 3951 inmites

1065 3987 1183 4047 Deflent
1198 3998 1227 4047 et

1064 4084 1183 4145 Deflent

58 4166 169 4238 Tandem
182 4181 281 4239 mortis
296 4181 335 4239 ait
494 4218 499 4225 -
1065 4183 1201 4241 Tandem

59 4266 112 4333 Odit
122 4295 200 4337 uerus
213 4296 297 4336 amor
1065 4278 1136 4338 Odit
1149 4298 1235 4338 uerus

60 4362 123 4435 Quae
136 4375 207 4434 uinci
222 4377 316 4451 potuit
385 4423 388 4429 -
713 4381 836 4453 :Quae
850 4381 927 4441 uinci
1065 4376 1149 4447 Quae
1164 4376 1241 4435 uinci

609 4570 702 4637 nha
