<?xml version="1.0" encoding="UTF-8"?>
<!DOCTYPE html PUBLIC "-//W3C//DTD XHTML 1.0 Transitional//EN"
    "http://www.w3.org/TR/xhtml1/DTD/xhtml1-transitional.dtd">
<html xmlns="http://www.w3.org/1999/xhtml" xml:lang="en" lang="en">
 <head>
  <title>
</title>
<meta http-equiv="Content-Type" content="text/html;charset=utf-8" />
  <meta name='ocr-system' content='tesseract 3.04.00' />
  <meta name='ocr-capabilities' content='ocr_page ocr_carea ocr_par ocr_line ocrx_word'/>
</head>
<body>
  <div class='ocr_page' id='page_1' title='image "./catulliveronens01elligoog_0334.png"; bbox 0 0 3142 5059; ppageno 0'>
   <div class='ocr_carea' id='block_1_1' title="bbox 306 376 986 436">
    <p class='ocr_par' dir='ltr' id='par_1_1' title="bbox 306 376 986 436">
     <span class='ocr_line' id='line_1_1' title="bbox 306 376 986 436; baseline 0.003 -2"><span class='ocrx_word' id='word_1_1' title='bbox 306 379 366 436; x_wconf 78' lang='grc'><strong>320</strong></span> <span class='ocrx_word' id='word_1_2' title='bbox 772 376 986 436; x_wconf 83' lang='lat' dir='ltr'>EXCVRSVS</span> 
     </span>
    </p>
   </div>
   <div class='ocr_carea' id='block_1_2' title="bbox 304 560 1449 935">
    <p class='ocr_par' dir='ltr' id='par_1_2' title="bbox 304 560 1449 935">
     <span class='ocr_line' id='line_1_2' title="bbox 307 560 1449 640; baseline -0.001 -21"><span class='ocrx_word' id='word_1_3' title='bbox 307 561 452 622; x_wconf 81' lang='lat' dir='ltr'>Parisinus</span> <span class='ocrx_word' id='word_1_4' title='bbox 477 579 552 622; x_wconf 83' lang='lat' dir='ltr'><strong>saec.</strong></span> <span class='ocrx_word' id='word_1_5' title='bbox 568 560 668 634; x_wconf 88' lang='lat' dir='ltr'>XIII),</span> <span class='ocrx_word' id='word_1_6' title='bbox 693 581 769 622; x_wconf 89' lang='lat' dir='ltr'><strong>cum</strong></span> <span class='ocrx_word' id='word_1_7' title='bbox 797 563 916 622; x_wconf 90' lang='lat' dir='ltr'><strong>dicere</strong></span> <span class='ocrx_word' id='word_1_8' title='bbox 943 563 1076 622; x_wconf 85' lang='lat' dir='ltr'>ebriosi</span> <span class='ocrx_word' id='word_1_9' title='bbox 1104 573 1228 639; x_wconf 88' lang='lat' dir='ltr'><strong>posset</strong></span> <span class='ocrx_word' id='word_1_10' title='bbox 1254 562 1350 640; x_wconf 89' lang='lat' dir='ltr'><strong>quod</strong></span> <span class='ocrx_word' id='word_1_11' title='bbox 1377 572 1449 620; x_wconf 83' lang='lat' dir='ltr'><strong>erat</strong></span> 
     </span>
     <span class='ocr_line' id='line_1_3' title="bbox 304 659 1448 737; baseline 0 -19"><span class='ocrx_word' id='word_1_12' title='bbox 304 661 477 719; x_wconf 78' lang='lat' dir='ltr'><strong>usitatius.</strong></span> <span class='ocrx_word' id='word_1_13' title='bbox 520 659 605 718; x_wconf 89' lang='lat' dir='ltr'><strong>Multi</strong></span> <span class='ocrx_word' id='word_1_14' title='bbox 627 677 644 718; x_wconf 88' lang='lat' dir='ltr'><strong>a</strong></span> <span class='ocrx_word' id='word_1_15' title='bbox 665 672 731 737; x_wconf 91' lang='lat' dir='ltr'><strong>post</strong></span> <span class='ocrx_word' id='word_1_16' title='bbox 752 660 876 719; x_wconf 90' lang='lat' dir='ltr'><strong>literae</strong></span> <span class='ocrx_word' id='word_1_17' title='bbox 897 677 959 718; x_wconf 94' lang='lat' dir='ltr'><strong>non</strong></span> <span class='ocrx_word' id='word_1_18' title='bbox 979 660 1095 720; x_wconf 84' lang='lat' dir='ltr'><strong>habent</strong></span> <span class='ocrx_word' id='word_1_19' title='bbox 1138 660 1195 719; x_wconf 77' lang='lat' dir='ltr'><strong>HIs</strong></span> <span class='ocrx_word' id='word_1_20' title='bbox 1214 661 1328 720; x_wconf 77' lang='lat' dir='ltr'><strong>indidis</strong></span> <span class='ocrx_word' id='word_1_21' title='bbox 1345 659 1448 718; x_wconf 87' lang='lat' dir='ltr'><strong>ductus</strong></span> 
     </span>
     <span class='ocr_line' id='line_1_4' title="bbox 306 757 1447 829; baseline -0.002 -13"><span class='ocrx_word' id='word_1_22' title='bbox 306 757 485 816; x_wconf 87' lang='lat' dir='ltr'><strong>credideram</strong></span> <span class='ocrx_word' id='word_1_23' title='bbox 507 757 634 816; x_wconf 90' lang='lat' dir='ltr'><strong>Gellium</strong></span> <span class='ocrx_word' id='word_1_24' title='bbox 659 757 695 816; x_wconf 94' lang='lat' dir='ltr'><strong>de</strong></span> <span class='ocrx_word' id='word_1_25' title='bbox 716 759 890 818; x_wconf 84' lang='lat' dir='ltr'><strong>concinente</strong></span> <span class='ocrx_word' id='word_1_26' title='bbox 910 775 927 816; x_wconf 89' lang='lat' dir='ltr'><strong>e</strong></span> <span class='ocrx_word' id='word_1_27' title='bbox 948 775 1010 817; x_wconf 89' lang='lat' dir='ltr'><strong>non</strong></span> <span class='ocrx_word' id='word_1_28' title='bbox 1031 777 1050 817; x_wconf 92' lang='lat' dir='ltr'><strong>a</strong></span> <span class='ocrx_word' id='word_1_29' title='bbox 1069 759 1186 829; x_wconf 76' lang='lat' dir='ltr'><strong>disisse,</strong></span> <span class='ocrx_word' id='word_1_30' title='bbox 1200 757 1350 817; x_wconf 87' lang='lat' dir='ltr'><strong>Catullum</strong></span> <span class='ocrx_word' id='word_1_31' title='bbox 1372 757 1447 815; x_wconf 88' lang='lat' dir='ltr'><strong>enim</strong></span> 
     </span>
     <span class='ocr_line' id='line_1_5' title="bbox 306 857 667 935; baseline -0.003 -19"><span class='ocrx_word' id='word_1_32' title='bbox 306 875 373 916; x_wconf 90' lang='lat' dir='ltr'><strong>cum</strong></span> <span class='ocrx_word' id='word_1_33' title='bbox 388 859 528 935; x_wconf 85' lang='lat' dir='ltr'><strong>potuisset</strong></span> <span class='ocrx_word' id='word_1_34' title='bbox 543 857 667 916; x_wconf 87' lang='lat' dir='ltr'><strong>scribere</strong></span> 
     </span>
    </p>
   </div>
   <div class='ocr_carea' id='block_1_3' title="bbox 521 1004 1191 1162">
    <p class='ocr_par' dir='ltr' id='par_1_3' title="bbox 521 1004 1191 1162">
     <span class='ocr_line' id='line_1_6' title="bbox 521 1004 1191 1082; baseline 0.003 -20"><span class='ocrx_word' id='word_1_35' title='bbox 521 1004 567 1064; x_wconf 91' lang='lat' dir='ltr'><strong>Vt</strong></span> <span class='ocrx_word' id='word_1_36' title='bbox 587 1005 642 1064; x_wconf 87' lang='lat' dir='ltr'><strong>Iex</strong></span> <span class='ocrx_word' id='word_1_37' title='bbox 664 1005 866 1064; x_wconf 80' lang='lat' dir='ltr'><strong>Postumiae</strong></span> <span class='ocrx_word' id='word_1_38' title='bbox 887 1006 983 1064; x_wconf 88' lang='lat' dir='ltr'><strong>iubet</strong></span> <span class='ocrx_word' id='word_1_39' title='bbox 1003 1006 1191 1082; x_wconf 81' lang='lat' dir='ltr'><strong>magistrae</strong></span> 
     </span>
     <span class='ocr_line' id='line_1_7' title="bbox 522 1102 1009 1162; baseline -0.002 -1"><span class='ocrx_word' id='word_1_40' title='bbox 522 1102 664 1162; x_wconf 87' lang='lat' dir='ltr'><strong>Ebriosi</strong></span> <span class='ocrx_word' id='word_1_41' title='bbox 685 1104 778 1162; x_wconf 92' lang='lat' dir='ltr'><strong>acini</strong></span> <span class='ocrx_word' id='word_1_42' title='bbox 800 1104 1009 1162; x_wconf 80' lang='lat' dir='ltr'><strong>ebriosiorIs</strong></span> 
     </span>
    </p>
   </div>
   <div class='ocr_carea' id='block_1_4' title="bbox 305 1251 1212 1330">
    <p class='ocr_par' dir='ltr' id='par_1_4' title="bbox 305 1251 1212 1330">
     <span class='ocr_line' id='line_1_8' title="bbox 305 1251 1212 1330; baseline -0.001 -18"><span class='ocrx_word' id='word_1_43' title='bbox 305 1263 452 1312; x_wconf 85' lang='lat' dir='ltr'><strong>amantem</strong></span> <span class='ocrx_word' id='word_1_44' title='bbox 467 1263 565 1312; x_wconf 63' lang='lat' dir='ltr'><strong>nmen</strong></span> <span class='ocrx_word' id='word_1_45' title='bbox 579 1252 674 1312; x_wconf 87' lang='lat' dir='ltr'><strong>hiatus</strong></span> <span class='ocrx_word' id='word_1_46' title='bbox 689 1251 841 1311; x_wconf 85' lang='lat' dir='ltr'><strong>Homerici</strong></span> <span class='ocrx_word' id='word_1_47' title='bbox 855 1253 1027 1312; x_wconf 88' lang='lat' dir='ltr'><strong>suauitatem</strong></span> <span class='ocrx_word' id='word_1_48' title='bbox 1042 1253 1212 1330; x_wconf 87' lang='lat' dir='ltr'><strong>praetulisse</strong></span> 
     </span>
    </p>
   </div>
   <div class='ocr_carea' id='block_1_5' title="bbox 520 1399 1188 1559">
    <p class='ocr_par' dir='ltr' id='par_1_5' title="bbox 520 1399 1188 1559">
     <span class='ocr_line' id='line_1_9' title="bbox 520 1399 1188 1476; baseline 0.001 -19"><span class='ocrx_word' id='word_1_49' title='bbox 520 1399 565 1458; x_wconf 91' lang='lat' dir='ltr'><strong>Vt</strong></span> <span class='ocrx_word' id='word_1_50' title='bbox 585 1399 640 1458; x_wconf 89' lang='lat' dir='ltr'><strong>lex</strong></span> <span class='ocrx_word' id='word_1_51' title='bbox 661 1399 862 1460; x_wconf 87' lang='lat' dir='ltr'><strong>Postumiae</strong></span> <span class='ocrx_word' id='word_1_52' title='bbox 885 1401 979 1459; x_wconf 89' lang='lat' dir='ltr'><strong>iubet</strong></span> <span class='ocrx_word' id='word_1_53' title='bbox 999 1401 1188 1476; x_wconf 81' lang='lat' dir='ltr'><strong>magistrae</strong></span> 
     </span>
     <span class='ocr_line' id='line_1_10' title="bbox 522 1497 1073 1559; baseline -0.002 -2"><span class='ocrx_word' id='word_1_54' title='bbox 522 1497 692 1557; x_wconf 88' lang='lat' dir='ltr'><strong>Ebriosae</strong></span> <span class='ocrx_word' id='word_1_55' title='bbox 714 1499 836 1559; x_wconf 81' lang='lat' dir='ltr'><strong>aelnae</strong></span> <span class='ocrx_word' id='word_1_56' title='bbox 858 1498 1073 1558; x_wconf 82' lang='lat' dir='ltr'><strong>ebriosiorIs.</strong></span> 
     </span>
    </p>
   </div>
   <div class='ocr_carea' id='block_1_6' title="bbox 301 1647 1449 3604">
    <p class='ocr_par' dir='ltr' id='par_1_6' title="bbox 302 1647 1449 2811">
     <span class='ocr_line' id='line_1_11' title="bbox 306 1647 1449 1726; baseline 0 -18"><span class='ocrx_word' id='word_1_57' title='bbox 306 1647 374 1708; x_wconf 91' lang='lat' dir='ltr'><strong>Hoc</strong></span> <span class='ocrx_word' id='word_1_58' title='bbox 389 1649 414 1708; x_wconf 92' lang='lat' dir='ltr'><strong>si</strong></span> <span class='ocrx_word' id='word_1_59' title='bbox 427 1667 529 1710; x_wconf 90' lang='lat' dir='ltr'><strong>uerum</strong></span> <span class='ocrx_word' id='word_1_60' title='bbox 543 1661 621 1710; x_wconf 86' lang='lat' dir='ltr'><strong>esset</strong></span> <span class='ocrx_word' id='word_1_61' title='bbox 641 1651 853 1710; x_wconf 81' lang='lat' dir='ltr'><strong>ebriosIoris</strong></span> <span class='ocrx_word' id='word_1_62' title='bbox 873 1651 921 1709; x_wconf 90' lang='lat' dir='ltr'><strong>uel</strong></span> <span class='ocrx_word' id='word_1_63' title='bbox 935 1651 1118 1710; x_wconf 85' lang='lat' dir='ltr'><strong>accusatiuus</strong></span> <span class='ocrx_word' id='word_1_64' title='bbox 1130 1651 1179 1710; x_wconf 91' lang='lat' dir='ltr'><strong>uel</strong></span> <span class='ocrx_word' id='word_1_65' title='bbox 1198 1651 1352 1726; x_wconf 81' lang='lat' dir='ltr'><strong>genetiuus</strong></span> <span class='ocrx_word' id='word_1_66' title='bbox 1371 1662 1449 1710; x_wconf 87' lang='lat' dir='ltr'><strong>esset</strong></span> 
     </span>
     <span class='ocr_line' id='line_1_12' title="bbox 304 1747 1447 1824; baseline 0.002 -18"><span class='ocrx_word' id='word_1_67' title='bbox 304 1765 399 1823; x_wconf 88' lang='lat' dir='ltr'><strong>aquo</strong></span> <span class='ocrx_word' id='word_1_68' title='bbox 421 1749 560 1824; x_wconf 88' lang='lat' dir='ltr'><strong>penderet</strong></span> <span class='ocrx_word' id='word_1_69' title='bbox 581 1749 700 1808; x_wconf 88' lang='lat' dir='ltr'><strong>acinae</strong></span> <span class='ocrx_word' id='word_1_70' title='bbox 711 1767 718 1820; x_wconf 93' lang='lat'>;</span> <span class='ocrx_word' id='word_1_71' title='bbox 745 1767 849 1807; x_wconf 90' lang='lat' dir='ltr'><strong>sensus</strong></span> <span class='ocrx_word' id='word_1_72' title='bbox 869 1759 967 1807; x_wconf 91' lang='lat' dir='ltr'><strong>autem</strong></span> <span class='ocrx_word' id='word_1_73' title='bbox 987 1749 1035 1807; x_wconf 93' lang='lat' dir='ltr'><strong>hic</strong></span> <span class='ocrx_word' id='word_1_74' title='bbox 1055 1748 1202 1819; x_wconf 80' lang='lat' dir='ltr'><strong>euaderet,</strong></span> <span class='ocrx_word' id='word_1_75' title='bbox 1216 1755 1267 1807; x_wconf 84' lang='lat' dir='ltr'><strong>‘ut</strong></span> <span class='ocrx_word' id='word_1_76' title='bbox 1281 1747 1447 1808; x_wconf 77' lang='lat' dir='ltr'><strong>Posutmiae</strong></span> 
     </span>
     <span class='ocr_line' id='line_1_13' title="bbox 305 1845 1445 1906; baseline 0.002 -2"><span class='ocrx_word' id='word_1_77' title='bbox 305 1846 374 1904; x_wconf 88' lang='lat' dir='ltr'><strong>‘lex</strong></span> <span class='ocrx_word' id='word_1_78' title='bbox 399 1847 458 1904; x_wconf 90' lang='lat' dir='ltr'><strong>uini</strong></span> <span class='ocrx_word' id='word_1_79' title='bbox 483 1847 588 1906; x_wconf 87' lang='lat' dir='ltr'><strong>nimiae</strong></span> <span class='ocrx_word' id='word_1_80' title='bbox 613 1845 706 1905; x_wconf 86' lang='lat' dir='ltr'><strong>iubet&#39;</strong></span> <span class='ocrx_word' id='word_1_81' title='bbox 729 1857 777 1906; x_wconf 83' lang='lat' dir='ltr'><strong>aut</strong></span> <span class='ocrx_word' id='word_1_82' title='bbox 801 1852 852 1906; x_wconf 88' lang='lat' dir='ltr'><strong>‘ut</strong></span> <span class='ocrx_word' id='word_1_83' title='bbox 873 1845 1038 1905; x_wconf 85' lang='lat' dir='ltr'><strong>Postumiae</strong></span> <span class='ocrx_word' id='word_1_84' title='bbox 1063 1847 1109 1905; x_wconf 81' lang='lat' dir='ltr'><strong>lex</strong></span> <span class='ocrx_word' id='word_1_85' title='bbox 1134 1847 1213 1906; x_wconf 89' lang='lat' dir='ltr'><strong>iubet</strong></span> <span class='ocrx_word' id='word_1_86' title='bbox 1236 1848 1298 1906; x_wconf 77' lang='lat' dir='ltr'><strong>itini</strong></span> <span class='ocrx_word' id='word_1_87' title='bbox 1322 1847 1445 1906; x_wconf 65' lang='lat' dir='ltr'><strong>nimios!</strong></span> 
     </span>
     <span class='ocr_line' id='line_1_14' title="bbox 305 1943 1446 2022; baseline 0.003 -21"><span class='ocrx_word' id='word_1_88' title='bbox 305 1943 362 2002; x_wconf 92' lang='lat' dir='ltr'><strong>Pro</strong></span> <span class='ocrx_word' id='word_1_89' title='bbox 393 1945 560 2004; x_wconf 87' lang='lat' dir='ltr'><strong>accusatiuo</strong></span> <span class='ocrx_word' id='word_1_90' title='bbox 591 1955 669 2003; x_wconf 90' lang='lat' dir='ltr'><strong>certe</strong></span> <span class='ocrx_word' id='word_1_91' title='bbox 698 1945 905 2004; x_wconf 86' lang='lat' dir='ltr'><strong>ebriosioris</strong></span> <span class='ocrx_word' id='word_1_92' title='bbox 935 1943 1098 2004; x_wconf 89' lang='lat' dir='ltr'><strong>habuerunt</strong></span> <span class='ocrx_word' id='word_1_93' title='bbox 1124 1946 1143 2003; x_wconf 92' lang='lat' dir='ltr'><strong>ii</strong></span> <span class='ocrx_word' id='word_1_94' title='bbox 1171 1946 1221 2022; x_wconf 90' lang='lat' dir='ltr'><strong>qui</strong></span> <span class='ocrx_word' id='word_1_95' title='bbox 1252 1945 1370 2004; x_wconf 90' lang='lat' dir='ltr'><strong>ebrios</strong></span> <span class='ocrx_word' id='word_1_96' title='bbox 1400 1946 1446 2004; x_wconf 87' lang='lat' dir='ltr'><strong>uel</strong></span> 
     </span>
     <span class='ocr_line' id='line_1_15' title="bbox 302 2044 1447 2121; baseline 0.001 -18"><span class='ocrx_word' id='word_1_97' title='bbox 302 2045 466 2104; x_wconf 87' lang='lat' dir='ltr'><strong>ebriosos</strong></span> <span class='ocrx_word' id='word_1_98' title='bbox 485 2046 516 2102; x_wconf 94' lang='lat' dir='ltr'><strong>in</strong></span> <span class='ocrx_word' id='word_1_99' title='bbox 538 2045 630 2120; x_wconf 89' lang='lat' dir='ltr'><strong>prima</strong></span> <span class='ocrx_word' id='word_1_100' title='bbox 651 2054 732 2121; x_wconf 88' lang='lat' dir='ltr'><strong>parte</strong></span> <span class='ocrx_word' id='word_1_101' title='bbox 752 2063 854 2104; x_wconf 88' lang='lat' dir='ltr'><strong>uersus</strong></span> <span class='ocrx_word' id='word_1_102' title='bbox 874 2045 1015 2121; x_wconf 82' lang='lat' dir='ltr'><strong>legerunt,</strong></span> <span class='ocrx_word' id='word_1_103' title='bbox 1032 2057 1061 2102; x_wconf 88' lang='lat' dir='ltr'><strong>et</strong></span> <span class='ocrx_word' id='word_1_104' title='bbox 1082 2047 1123 2104; x_wconf 93' lang='lat' dir='ltr'><strong>sic</strong></span> <span class='ocrx_word' id='word_1_105' title='bbox 1138 2044 1270 2104; x_wconf 89' lang='lat' dir='ltr'><strong>Vossius.</strong></span> <span class='ocrx_word' id='word_1_106' title='bbox 1314 2045 1374 2104; x_wconf 86' lang='lat' dir='ltr'><strong>Sed</strong></span> <span class='ocrx_word' id='word_1_107' title='bbox 1394 2048 1447 2104; x_wconf 90' lang='lat' dir='ltr'><strong>ob-</strong></span> 
     </span>
     <span class='ocr_line' id='line_1_16' title="bbox 304 2145 1448 2223; baseline -0.001 -18"><span class='ocrx_word' id='word_1_108' title='bbox 304 2156 382 2205; x_wconf 91' lang='lat' dir='ltr'><strong>stant</strong></span> <span class='ocrx_word' id='word_1_109' title='bbox 400 2145 467 2204; x_wconf 90' lang='lat' dir='ltr'><strong>huic</strong></span> <span class='ocrx_word' id='word_1_110' title='bbox 485 2145 713 2222; x_wconf 84' lang='lat' dir='ltr'><strong>Interpretationi</strong></span> <span class='ocrx_word' id='word_1_111' title='bbox 726 2163 803 2222; x_wconf 84' lang='lat' dir='ltr'><strong>quae</strong></span> <span class='ocrx_word' id='word_1_112' title='bbox 820 2156 957 2204; x_wconf 81' lang='lat' dir='ltr'><strong>secamur</strong></span> <span class='ocrx_word' id='word_1_113' title='bbox 978 2147 1169 2204; x_wconf 88' lang='lat' dir='ltr'><strong>‘ebriosam</strong></span> <span class='ocrx_word' id='word_1_114' title='bbox 1193 2146 1281 2205; x_wconf 83' lang='lat' dir='ltr'><strong>dixit</strong></span> <span class='ocrx_word' id='word_1_115' title='bbox 1304 2157 1448 2223; x_wconf 87' lang='lat' dir='ltr'><strong>propter</strong></span> 
     </span>
     <span class='ocr_line' id='line_1_17' title="bbox 304 2241 1447 2320; baseline 0.002 -20"><span class='ocrx_word' id='word_1_116' title='bbox 304 2242 547 2318; x_wconf 85' lang='lat' dir='ltr'><strong>‘insequentis</strong></span> <span class='ocrx_word' id='word_1_117' title='bbox 571 2243 695 2300; x_wconf 90' lang='lat' dir='ltr'><strong>literae</strong></span> <span class='ocrx_word' id='word_1_118' title='bbox 719 2241 944 2301; x_wconf 89' lang='lat' dir='ltr'><strong>concentum’</strong></span> <span class='ocrx_word' id='word_1_119' title='bbox 962 2245 1170 2318; x_wconf 85' lang='lat' dir='ltr'><strong>(exemptum</strong></span> <span class='ocrx_word' id='word_1_120' title='bbox 1191 2244 1271 2318; x_wconf 91' lang='lat' dir='ltr'><strong>quod</strong></span> <span class='ocrx_word' id='word_1_121' title='bbox 1291 2243 1397 2320; x_wconf 76' lang='lat' dir='ltr'><strong>legitur</strong></span> <span class='ocrx_word' id='word_1_122' title='bbox 1416 2245 1447 2301; x_wconf 90' lang='lat' dir='ltr'><strong>in</strong></span> 
     </span>
     <span class='ocr_line' id='line_1_18' title="bbox 303 2339 1446 2418; baseline -0.002 -18"><span class='ocrx_word' id='word_1_123' title='bbox 303 2340 478 2418; x_wconf 86' lang='lat' dir='ltr'><strong>quibusdam</strong></span> <span class='ocrx_word' id='word_1_124' title='bbox 496 2340 645 2400; x_wconf 89' lang='lat' dir='ltr'><strong>codicibus</strong></span> <span class='ocrx_word' id='word_1_125' title='bbox 659 2340 729 2416; x_wconf 90' lang='lat' dir='ltr'><strong>quid</strong></span> <span class='ocrx_word' id='word_1_126' title='bbox 742 2339 812 2398; x_wconf 88' lang='lat' dir='ltr'><strong>uelit</strong></span> <span class='ocrx_word' id='word_1_127' title='bbox 825 2357 887 2398; x_wconf 93' lang='lat' dir='ltr'><strong>non</strong></span> <span class='ocrx_word' id='word_1_128' title='bbox 906 2339 1065 2416; x_wconf 79' lang='lat' dir='ltr'><strong>intellego).</strong></span> <span class='ocrx_word' id='word_1_129' title='bbox 1108 2339 1251 2412; x_wconf 90' lang='lat' dir='ltr'><strong>Quamuis</strong></span> <span class='ocrx_word' id='word_1_130' title='bbox 1265 2341 1346 2398; x_wconf 86' lang='lat' dir='ltr'><strong>enim</strong></span> <span class='ocrx_word' id='word_1_131' title='bbox 1359 2342 1446 2399; x_wconf 92' lang='lat' dir='ltr'><strong>ebri-</strong></span> 
     </span>
     <span class='ocr_line' id='line_1_19' title="bbox 303 2439 1447 2516; baseline -0.001 -18"><span class='ocrx_word' id='word_1_132' title='bbox 303 2457 400 2498; x_wconf 90' lang='lat' dir='ltr'><strong>osam</strong></span> <span class='ocrx_word' id='word_1_133' title='bbox 421 2439 533 2499; x_wconf 89' lang='lat' dir='ltr'><strong>Gellius</strong></span> <span class='ocrx_word' id='word_1_134' title='bbox 547 2439 673 2516; x_wconf 89' lang='lat' dir='ltr'><strong>potuerit</strong></span> <span class='ocrx_word' id='word_1_135' title='bbox 687 2456 741 2515; x_wconf 93' lang='lat' dir='ltr'><strong>pro</strong></span> <span class='ocrx_word' id='word_1_136' title='bbox 762 2439 923 2497; x_wconf 87' lang='lat' dir='ltr'><strong>ebriosae</strong></span> <span class='ocrx_word' id='word_1_137' title='bbox 944 2455 1005 2497; x_wconf 90' lang='lat' dir='ltr'><strong>non</strong></span> <span class='ocrx_word' id='word_1_138' title='bbox 1019 2439 1116 2496; x_wconf 87' lang='lat' dir='ltr'><strong>minus</strong></span> <span class='ocrx_word' id='word_1_139' title='bbox 1130 2456 1218 2514; x_wconf 85' lang='lat' dir='ltr'><strong>quam</strong></span> <span class='ocrx_word' id='word_1_140' title='bbox 1232 2455 1285 2515; x_wconf 86' lang='lat' dir='ltr'><strong>pro</strong></span> <span class='ocrx_word' id='word_1_141' title='bbox 1306 2439 1447 2497; x_wconf 85' lang='lat' dir='ltr'><strong>ebriosa</strong></span> 
     </span>
     <span class='ocr_line' id='line_1_20' title="bbox 304 2538 1445 2616; baseline 0 -20"><span class='ocrx_word' id='word_1_142' title='bbox 304 2557 423 2616; x_wconf 89' lang='lat' dir='ltr'><strong>ponere,</strong></span> <span class='ocrx_word' id='word_1_143' title='bbox 438 2549 467 2597; x_wconf 93' lang='lat' dir='ltr'><strong>at</strong></span> <span class='ocrx_word' id='word_1_144' title='bbox 481 2557 547 2598; x_wconf 88' lang='lat' dir='ltr'><strong>cum</strong></span> <span class='ocrx_word' id='word_1_145' title='bbox 567 2551 634 2615; x_wconf 88' lang='lat' dir='ltr'><strong>post</strong></span> <span class='ocrx_word' id='word_1_146' title='bbox 655 2539 816 2598; x_wconf 82' lang='lat' dir='ltr'><strong>ebriosae</strong></span> <span class='ocrx_word' id='word_1_147' title='bbox 837 2548 974 2613; x_wconf 87' lang='lat' dir='ltr'><strong>sequatur</strong></span> <span class='ocrx_word' id='word_1_148' title='bbox 994 2538 1086 2596; x_wconf 92' lang='lat' dir='ltr'><strong>acin·</strong></span> <span class='ocrx_word' id='word_1_149' title='bbox 1106 2538 1263 2613; x_wconf 88' lang='lat' dir='ltr'><strong>insequens</strong></span> <span class='ocrx_word' id='word_1_150' title='bbox 1283 2538 1366 2597; x_wconf 86' lang='lat' dir='ltr'><strong>litera</strong></span> <span class='ocrx_word' id='word_1_151' title='bbox 1384 2557 1445 2598; x_wconf 89' lang='lat' dir='ltr'><strong>non</strong></span> 
     </span>
     <span class='ocr_line' id='line_1_21' title="bbox 302 2636 1445 2714; baseline 0 -18"><span class='ocrx_word' id='word_1_152' title='bbox 302 2649 399 2714; x_wconf 88' lang='lat' dir='ltr'><strong>potest</strong></span> <span class='ocrx_word' id='word_1_153' title='bbox 421 2638 476 2696; x_wconf 89' lang='lat' dir='ltr'><strong>alia</strong></span> <span class='ocrx_word' id='word_1_154' title='bbox 496 2655 560 2696; x_wconf 87' lang='lat' dir='ltr'><strong>esse</strong></span> <span class='ocrx_word' id='word_1_155' title='bbox 580 2655 668 2714; x_wconf 90' lang='lat' dir='ltr'><strong>quam</strong></span> <span class='ocrx_word' id='word_1_156' title='bbox 687 2655 712 2696; x_wconf 88' lang='lat' dir='ltr'><strong>a.</strong></span> <span class='ocrx_word' id='word_1_157' title='bbox 754 2636 871 2695; x_wconf 90' lang='lat' dir='ltr'><strong>Deinde</strong></span> <span class='ocrx_word' id='word_1_158' title='bbox 891 2637 1043 2712; x_wconf 83' lang='lat' dir='ltr'><strong>genetiuus</strong></span> <span class='ocrx_word' id='word_1_159' title='bbox 1063 2637 1156 2712; x_wconf 79' lang='lat' dir='ltr'><strong>quabs</strong></span> <span class='ocrx_word' id='word_1_160' title='bbox 1176 2646 1220 2695; x_wconf 91' lang='lat' dir='ltr'><strong>est</strong></span> <span class='ocrx_word' id='word_1_161' title='bbox 1240 2637 1445 2696; x_wconf 90' lang='lat' dir='ltr'><strong>ebriosioris</strong></span> 
     </span>
     <span class='ocr_line' id='line_1_22' title="bbox 304 2733 1060 2811; baseline -0.003 -17"><span class='ocrx_word' id='word_1_162' title='bbox 304 2737 426 2794; x_wconf 87' lang='lat' dir='ltr'><strong>acinae</strong></span> <span class='ocrx_word' id='word_1_163' title='bbox 447 2735 476 2794; x_wconf 92' lang='lat' dir='ltr'><strong>h.</strong></span> <span class='ocrx_word' id='word_1_164' title='bbox 488 2755 513 2794; x_wconf 84' lang='lat' dir='ltr'><strong>e.</strong></span> <span class='ocrx_word' id='word_1_165' title='bbox 528 2737 634 2796; x_wconf 88' lang='lat' dir='ltr'><strong>nimiae</strong></span> <span class='ocrx_word' id='word_1_166' title='bbox 648 2737 679 2794; x_wconf 84' lang='lat' dir='ltr'><strong>In</strong></span> <span class='ocrx_word' id='word_1_167' title='bbox 693 2735 783 2795; x_wconf 88' lang='lat' dir='ltr'><strong>acinis</strong></span> <span class='ocrx_word' id='word_1_168' title='bbox 798 2733 929 2794; x_wconf 91' lang='lat' dir='ltr'><strong>Catullus</strong></span> <span class='ocrx_word' id='word_1_169' title='bbox 942 2736 1060 2811; x_wconf 83' lang='lat' dir='ltr'><strong>respuit.</strong></span> 
     </span>
    </p>

    <p class='ocr_par' dir='ltr' id='par_1_7' title="bbox 301 2831 1445 3604">
     <span class='ocr_line' id='line_1_23' title="bbox 344 2831 1444 2910; baseline 0.002 -20"><span class='ocrx_word' id='word_1_170' title='bbox 344 2832 446 2910; x_wconf 85' lang='lat' dir='ltr'><strong>Itaque</strong></span> <span class='ocrx_word' id='word_1_171' title='bbox 470 2835 576 2892; x_wconf 91' lang='lat' dir='ltr'><strong>relictis</strong></span> <span class='ocrx_word' id='word_1_172' title='bbox 599 2835 749 2894; x_wconf 83' lang='lat' dir='ltr'><strong>codIcibus</strong></span> <span class='ocrx_word' id='word_1_173' title='bbox 776 2834 936 2893; x_wconf 90' lang='lat' dir='ltr'><strong>uidendum</strong></span> <span class='ocrx_word' id='word_1_174' title='bbox 962 2853 999 2892; x_wconf 82' lang='lat' dir='ltr'><strong>ex</strong></span> <span class='ocrx_word' id='word_1_175' title='bbox 1022 2833 1197 2910; x_wconf 81' lang='lat' dir='ltr'><strong>VergilianIs</strong></span> <span class='ocrx_word' id='word_1_176' title='bbox 1221 2831 1444 2910; x_wconf 87' lang='lat' dir='ltr'><strong>Homericisque</strong></span> 
     </span>
     <span class='ocr_line' id='line_1_24' title="bbox 304 2931 1444 3009; baseline -0.002 -18"><span class='ocrx_word' id='word_1_177' title='bbox 304 2932 446 3009; x_wconf 87' lang='lat' dir='ltr'><strong>exemplis</strong></span> <span class='ocrx_word' id='word_1_178' title='bbox 465 2933 535 3008; x_wconf 90' lang='lat' dir='ltr'><strong>quid</strong></span> <span class='ocrx_word' id='word_1_179' title='bbox 551 2932 661 2991; x_wconf 88' lang='lat' dir='ltr'><strong>Gellius</strong></span> <span class='ocrx_word' id='word_1_180' title='bbox 676 2932 788 2991; x_wconf 80' lang='lat' dir='ltr'><strong>disent</strong></span> <span class='ocrx_word' id='word_1_181' title='bbox 832 2932 868 2990; x_wconf 94' lang='lat' dir='ltr'><strong>In</strong></span> <span class='ocrx_word' id='word_1_182' title='bbox 882 2931 1051 3008; x_wconf 80' lang='lat' dir='ltr'><strong>Vergiliano</strong></span> <span class='ocrx_word' id='word_1_183' title='bbox 1070 2932 1137 2991; x_wconf 93' lang='lat' dir='ltr'><strong>loco</strong></span> <span class='ocrx_word' id='word_1_184' title='bbox 1157 2932 1220 2991; x_wconf 89' lang='lat' dir='ltr'><strong>sola</strong></span> <span class='ocrx_word' id='word_1_185' title='bbox 1236 2933 1385 3005; x_wconf 70' lang='grc' dir='ltr'><strong>παρὴχησις</strong></span> <span class='ocrx_word' id='word_1_186' title='bbox 1402 2940 1444 2990; x_wconf 88' lang='lat' dir='ltr'><strong>est</strong></span> 
     </span>
     <span class='ocr_line' id='line_1_25' title="bbox 302 3026 1443 3110; baseline -0.002 -20"><span class='ocrx_word' id='word_1_187' title='bbox 302 3031 448 3090; x_wconf 87' lang='lat' dir='ltr'><strong>literarum</strong></span> <span class='ocrx_word' id='word_1_188' title='bbox 462 3049 482 3088; x_wconf 94' lang='lat' dir='ltr'><strong>o</strong></span> <span class='ocrx_word' id='word_1_189' title='bbox 496 3047 515 3089; x_wconf 92' lang='lat' dir='ltr'><strong>o</strong></span> <span class='ocrx_word' id='word_1_190' title='bbox 530 3030 560 3088; x_wconf 89' lang='lat' dir='ltr'><strong>in</strong></span> <span class='ocrx_word' id='word_1_191' title='bbox 575 3029 633 3088; x_wconf 88' lang='lat' dir='ltr'><strong>fine</strong></span> <span class='ocrx_word' id='word_1_192' title='bbox 646 3031 732 3090; x_wconf 90' lang='lat' dir='ltr'><strong>unius</strong></span> <span class='ocrx_word' id='word_1_193' title='bbox 751 3049 862 3101; x_wconf 91' lang='lat' dir='ltr'><strong>uersus,</strong></span> <span class='ocrx_word' id='word_1_194' title='bbox 877 3031 958 3089; x_wconf 83' lang='lat' dir='ltr'><strong>Initio</strong></span> <span class='ocrx_word' id='word_1_195' title='bbox 980 3030 1096 3090; x_wconf 86' lang='lat' dir='ltr'><strong>alterius</strong></span> <span class='ocrx_word' id='word_1_196' title='bbox 1111 3029 1152 3110; x_wconf 93' lang='lat' dir='ltr'><strong>(V</strong></span> <span class='ocrx_word' id='word_1_197' title='bbox 1152 3047 1241 3090; x_wconf 88' lang='lat' dir='ltr'><strong>eseuo</strong></span> <span class='ocrx_word' id='word_1_198' title='bbox 1256 3026 1339 3107; x_wconf 89' lang='lat' dir='ltr'><strong>Ora),</strong></span> <span class='ocrx_word' id='word_1_199' title='bbox 1353 3030 1443 3089; x_wconf 88' lang='lat' dir='ltr'><strong>idem·</strong></span> 
     </span>
     <span class='ocr_line' id='line_1_26' title="bbox 303 3127 1445 3206; baseline -0.004 -18"><span class='ocrx_word' id='word_1_200' title='bbox 303 3147 360 3206; x_wconf 89' lang='lat' dir='ltr'><strong>que</strong></span> <span class='ocrx_word' id='word_1_201' title='bbox 385 3128 507 3189; x_wconf 85' lang='lat' dir='ltr'><strong>sortasse</strong></span> <span class='ocrx_word' id='word_1_202' title='bbox 530 3129 618 3188; x_wconf 85' lang='lat' dir='ltr'><strong>etiam</strong></span> <span class='ocrx_word' id='word_1_203' title='bbox 643 3129 673 3186; x_wconf 90' lang='lat' dir='ltr'><strong>in</strong></span> <span class='ocrx_word' id='word_1_204' title='bbox 695 3127 889 3188; x_wconf 89' lang='lat' dir='ltr'><strong>Homericum</strong></span> <span class='ocrx_word' id='word_1_205' title='bbox 910 3127 981 3186; x_wconf 91' lang='lat' dir='ltr'><strong>illud</strong></span> <span class='ocrx_word' id='word_1_206' title='bbox 1007 3132 1078 3185; x_wconf 75' lang='grc' dir='ltr'><strong>Λᾶυ</strong></span> <span class='ocrx_word' id='word_1_207' title='bbox 1093 3130 1145 3184; x_wconf 72' lang='grc' dir='ltr'><strong>ἅνω</strong></span> <span class='ocrx_word' id='word_1_208' title='bbox 1162 3129 1259 3185; x_wconf 68' lang='grc' dir='ltr'><strong><em>ὤθεσκε</em></strong></span> <span class='ocrx_word' id='word_1_209' title='bbox 1277 3131 1338 3184; x_wconf 74' lang='grc' dir='ltr'>ποτὶ</span> <span class='ocrx_word' id='word_1_210' title='bbox 1359 3132 1445 3203; x_wconf 72' lang='grc' dir='ltr'><strong>λόφω</strong></span> 
     </span>
     <span class='ocr_line' id='line_1_27' title="bbox 301 3227 1443 3306; baseline -0.003 -18"><span class='ocrx_word' id='word_1_211' title='bbox 301 3229 387 3301; x_wconf 85' lang='lat' dir='ltr'><strong>cadit,</strong></span> <span class='ocrx_word' id='word_1_212' title='bbox 412 3247 580 3305; x_wconf 88' lang='lat' dir='ltr'><strong>quanquam</strong></span> <span class='ocrx_word' id='word_1_213' title='bbox 605 3228 711 3304; x_wconf 85' lang='lat' dir='ltr'><strong>duplex</strong></span> <span class='ocrx_word' id='word_1_214' title='bbox 743 3252 788 3284; x_wconf 84' lang='grc' dir='ltr'><strong>-ιιν</strong></span> <span class='ocrx_word' id='word_1_215' title='bbox 813 3247 852 3286; x_wconf 91' lang='lat' dir='ltr'><strong>ne</strong></span> <span class='ocrx_word' id='word_1_216' title='bbox 879 3229 975 3306; x_wconf 91' lang='lat' dir='ltr'><strong>ipsum</strong></span> <span class='ocrx_word' id='word_1_217' title='bbox 1003 3228 1123 3304; x_wconf 90' lang='lat' dir='ltr'><strong>quidem</strong></span> <span class='ocrx_word' id='word_1_218' title='bbox 1147 3227 1296 3287; x_wconf 82' lang='lat' dir='ltr'><strong>fortuitum</strong></span> <span class='ocrx_word' id='word_1_219' title='bbox 1321 3227 1443 3286; x_wconf 90' lang='lat' dir='ltr'><strong>uidetur.</strong></span> 
     </span>
     <span class='ocr_line' id='line_1_28' title="bbox 303 3326 1444 3388; baseline -0.002 -2"><span class='ocrx_word' id='word_1_220' title='bbox 303 3327 362 3387; x_wconf 90' lang='lat' dir='ltr'><strong>Sed</strong></span> <span class='ocrx_word' id='word_1_221' title='bbox 384 3329 413 3386; x_wconf 84' lang='lat' dir='ltr'><strong>In</strong></span> <span class='ocrx_word' id='word_1_222' title='bbox 434 3328 517 3388; x_wconf 91' lang='lat' dir='ltr'><strong>tertio</strong></span> <span class='ocrx_word' id='word_1_223' title='bbox 538 3327 605 3386; x_wconf 92' lang='lat' dir='ltr'><strong>loco</strong></span> <span class='ocrx_word' id='word_1_224' title='bbox 621 3327 696 3386; x_wconf 91' lang='lat' dir='ltr'><strong>Gelli</strong></span> <span class='ocrx_word' id='word_1_225' title='bbox 709 3328 800 3386; x_wconf 90' lang='lat' dir='ltr'><strong>uerba</strong></span> <span class='ocrx_word' id='word_1_226' title='bbox 817 3345 878 3386; x_wconf 93' lang='lat' dir='ltr'><strong>non</strong></span> <span class='ocrx_word' id='word_1_227' title='bbox 892 3328 932 3385; x_wconf 88' lang='lat' dir='ltr'><strong>ita</strong></span> <span class='ocrx_word' id='word_1_228' title='bbox 945 3326 1150 3385; x_wconf 88' lang='lat' dir='ltr'><strong>obstrinxerim</strong></span> <span class='ocrx_word' id='word_1_229' title='bbox 1166 3336 1199 3384; x_wconf 91' lang='lat' dir='ltr'><strong>ut</strong></span> <span class='ocrx_word' id='word_1_230' title='bbox 1215 3326 1255 3384; x_wconf 90' lang='lat' dir='ltr'><strong>ad</strong></span> <span class='ocrx_word' id='word_1_231' title='bbox 1268 3336 1444 3385; x_wconf 88' lang='lat' dir='ltr'><strong>concentum</strong></span> 
     </span>
     <span class='ocr_line' id='line_1_29' title="bbox 301 3425 1444 3502; baseline -0.003 -16"><span class='ocrx_word' id='word_1_232' title='bbox 301 3428 506 3487; x_wconf 90' lang='lat' dir='ltr'><strong>tantummodo</strong></span> <span class='ocrx_word' id='word_1_233' title='bbox 527 3445 562 3486; x_wconf 90' lang='lat' dir='ltr'><strong>ea</strong></span> <span class='ocrx_word' id='word_1_234' title='bbox 582 3426 705 3486; x_wconf 85' lang='lat' dir='ltr'><strong>reseram</strong></span> <span class='ocrx_word' id='word_1_235' title='bbox 724 3427 774 3502; x_wconf 91' lang='lat' dir='ltr'><strong>qui</strong></span> <span class='ocrx_word' id='word_1_236' title='bbox 793 3436 838 3484; x_wconf 90' lang='lat' dir='ltr'><strong>est</strong></span> <span class='ocrx_word' id='word_1_237' title='bbox 856 3427 886 3484; x_wconf 83' lang='lat' dir='ltr'><strong>iu</strong></span> <span class='ocrx_word' id='word_1_238' title='bbox 904 3430 1011 3501; x_wconf 71' lang='grc' dir='ltr'><strong>προρέει</strong></span> <span class='ocrx_word' id='word_1_239' title='bbox 1025 3425 1117 3492; x_wconf 72' lang='grc' dir='ltr'><strong>εἰκυῖα,</strong></span> <span class='ocrx_word' id='word_1_240' title='bbox 1133 3428 1224 3498; x_wconf 64' lang='grc' dir='ltr'><strong><em>ψυχρῇ</em></strong></span> <span class='ocrx_word' id='word_1_241' title='bbox 1239 3425 1265 3496; x_wconf 70' lang='grc' dir='ltr'><strong>ἦ,</strong></span> <span class='ocrx_word' id='word_1_242' title='bbox 1278 3442 1348 3482; x_wconf 89' lang='lat' dir='ltr'><strong>nam</strong></span> <span class='ocrx_word' id='word_1_243' title='bbox 1369 3435 1444 3484; x_wconf 88' lang='lat' dir='ltr'><strong>uter·</strong></span> 
     </span>
     <span class='ocr_line' id='line_1_30' title="bbox 302 3523 1271 3604; baseline -0.005 -18"><span class='ocrx_word' id='word_1_244' title='bbox 302 3545 359 3603; x_wconf 91' lang='lat' dir='ltr'><strong>que</strong></span> <span class='ocrx_word' id='word_1_245' title='bbox 375 3545 465 3586; x_wconf 90' lang='lat' dir='ltr'><strong>sonus</strong></span> <span class='ocrx_word' id='word_1_246' title='bbox 479 3538 508 3587; x_wconf 93' lang='lat' dir='ltr'><strong>et</strong></span> <span class='ocrx_word' id='word_1_247' title='bbox 522 3551 544 3584; x_wconf 78' lang='grc' dir='ltr'><strong>ει</strong></span> <span class='ocrx_word' id='word_1_248' title='bbox 558 3536 587 3586; x_wconf 93' lang='lat' dir='ltr'><strong>et</strong></span> <span class='ocrx_word' id='word_1_249' title='bbox 602 3551 617 3599; x_wconf 76' lang='grc' dir='ltr'><strong><em>η</em></strong></span> <span class='ocrx_word' id='word_1_250' title='bbox 631 3545 684 3604; x_wconf 92' lang='lat' dir='ltr'><strong>per</strong></span> <span class='ocrx_word' id='word_1_251' title='bbox 698 3537 792 3586; x_wconf 88' lang='lat' dir='ltr'><strong>totum</strong></span> <span class='ocrx_word' id='word_1_252' title='bbox 805 3536 950 3601; x_wconf 89' lang='lat' dir='ltr'><strong>utrunque</strong></span> <span class='ocrx_word' id='word_1_253' title='bbox 964 3542 1081 3584; x_wconf 89' lang='lat' dir='ltr'><strong>uersum</strong></span> <span class='ocrx_word' id='word_1_254' title='bbox 1095 3523 1271 3601; x_wconf 89' lang='lat' dir='ltr'><strong>producitur,</strong></span> 
     </span>
    </p>
   </div>
   <div class='ocr_carea' id='block_1_7' title="bbox 584 3672 1152 3850">
    <p class='ocr_par' dir='ltr' id='par_1_8' title="bbox 584 3672 1152 3850">
     <span class='ocr_line' id='line_1_31' title="bbox 585 3672 1152 3750; baseline -0.004 -19"><span class='ocrx_word' id='word_1_255' title='bbox 585 3677 603 3749; x_wconf 75' lang='grc' dir='ltr'><strong>ἡ</strong></span> <span class='ocrx_word' id='word_1_256' title='bbox 619 3673 643 3731; x_wconf 84' lang='lat' dir='ltr'><strong>d&#39;</strong></span> <span class='ocrx_word' id='word_1_257' title='bbox 658 3677 734 3748; x_wconf 71' lang='grc' dir='ltr'><strong><em>ἑτέρη</em></strong></span> <span class='ocrx_word' id='word_1_258' title='bbox 748 3675 821 3748; x_wconf 76' lang='grc' dir='ltr'><strong><em>θέρεϊ</em></strong></span> <span class='ocrx_word' id='word_1_259' title='bbox 833 3675 940 3747; x_wconf 72' lang='grc' dir='ltr'>προρέει</span> <span class='ocrx_word' id='word_1_260' title='bbox 954 3672 1037 3732; x_wconf 73' lang='grc' dir='ltr'><strong>εἰκυῖα</strong></span> <span class='ocrx_word' id='word_1_261' title='bbox 1048 3677 1152 3750; x_wconf 72' lang='grc' dir='ltr'><strong>χαλάζῃ</strong></span> 
     </span>
     <span class='ocr_line' id='line_1_32' title="bbox 584 3770 1148 3850; baseline 0 -3"><span class='ocrx_word' id='word_1_262' title='bbox 584 3771 827 3850; x_wconf 52' lang='lat' dir='ltr'><strong>bevtfflmll</strong></span> <span class='ocrx_word' id='word_1_263' title='bbox 842 3770 1148 3848; x_wconf 51' lang='lat' dir='ltr'><strong>‘&#39;immrwfflt·</strong></span> 
     </span>
    </p>
   </div>
   <div class='ocr_carea' id='block_1_8' title="bbox 299 3918 1442 4495">
    <p class='ocr_par' dir='ltr' id='par_1_9' title="bbox 299 3918 1442 4495">
     <span class='ocr_line' id='line_1_33' title="bbox 301 3918 1441 4000; baseline 0 -20"><span class='ocrx_word' id='word_1_264' title='bbox 301 3918 338 3980; x_wconf 89' lang='lat' dir='ltr'><strong>cI.</strong></span> <span class='ocrx_word' id='word_1_265' title='bbox 361 3921 451 3980; x_wconf 90' lang='lat' dir='ltr'><strong>uerba</strong></span> <span class='ocrx_word' id='word_1_266' title='bbox 474 3921 549 3982; x_wconf 90' lang='lat' dir='ltr'><strong>Gelli</strong></span> <span class='ocrx_word' id='word_1_267' title='bbox 579 3928 666 3983; x_wconf 88' lang='lat' dir='ltr'><strong>‘uno</strong></span> <span class='ocrx_word' id='word_1_268' title='bbox 694 3923 824 4000; x_wconf 86' lang='lat' dir='ltr'><strong>quippe</strong></span> <span class='ocrx_word' id='word_1_269' title='bbox 851 3923 885 3982; x_wconf 92' lang='lat' dir='ltr'><strong>in</strong></span> <span class='ocrx_word' id='word_1_270' title='bbox 912 3923 991 3983; x_wconf 93' lang='lat' dir='ltr'><strong>loco</strong></span> <span class='ocrx_word' id='word_1_271' title='bbox 1021 3922 1110 3981; x_wconf 86' lang='lat' dir='ltr'><strong>tales</strong></span> <span class='ocrx_word' id='word_1_272' title='bbox 1142 3933 1280 3997; x_wconf 90' lang='lat' dir='ltr'><strong>tamque</strong></span> <span class='ocrx_word' id='word_1_273' title='bbox 1307 3920 1441 3980; x_wconf 86' lang='lat' dir='ltr'><strong>hiantes</strong></span> 
     </span>
     <span class='ocr_line' id='line_1_34' title="bbox 301 4019 1441 4098; baseline 0 -19"><span class='ocrx_word' id='word_1_274' title='bbox 301 4021 462 4080; x_wconf 89' lang='lat' dir='ltr'><strong>‘sonitus</strong></span> <span class='ocrx_word' id='word_1_275' title='bbox 484 4021 518 4080; x_wconf 93' lang='lat' dir='ltr'><strong>in</strong></span> <span class='ocrx_word' id='word_1_276' title='bbox 538 4023 689 4082; x_wconf 88' lang='lat' dir='ltr'><strong>assiduis</strong></span> <span class='ocrx_word' id='word_1_277' title='bbox 709 4024 857 4082; x_wconf 86' lang='lat' dir='ltr'><strong>uocibus</strong></span> <span class='ocrx_word' id='word_1_278' title='bbox 879 4022 1036 4098; x_wconf 91' lang='lat' dir='ltr'><strong>pluribus</strong></span> <span class='ocrx_word' id='word_1_279' title='bbox 1059 4022 1161 4092; x_wconf 86' lang='lat' dir='ltr'><strong>iacit,&#39;</strong></span> <span class='ocrx_word' id='word_1_280' title='bbox 1182 4021 1288 4096; x_wconf 90' lang='lat' dir='ltr'><strong>quibus</strong></span> <span class='ocrx_word' id='word_1_281' title='bbox 1311 4019 1441 4096; x_wconf 80' lang='lat' dir='ltr'><strong>proiecto</strong></span> 
     </span>
     <span class='ocr_line' id='line_1_35' title="bbox 302 4118 1441 4196; baseline -0.001 -19"><span class='ocrx_word' id='word_1_282' title='bbox 302 4137 363 4178; x_wconf 91' lang='lat' dir='ltr'><strong>non</strong></span> <span class='ocrx_word' id='word_1_283' title='bbox 384 4119 421 4177; x_wconf 91' lang='lat' dir='ltr'><strong>ad</strong></span> <span class='ocrx_word' id='word_1_284' title='bbox 442 4129 566 4196; x_wconf 89' lang='lat' dir='ltr'><strong>quatuor</strong></span> <span class='ocrx_word' id='word_1_285' title='bbox 586 4130 697 4179; x_wconf 79' lang='lat' dir='ltr'><strong>tannim</strong></span> <span class='ocrx_word' id='word_1_286' title='bbox 719 4120 864 4180; x_wconf 90' lang='lat' dir='ltr'><strong>uocabula</strong></span> <span class='ocrx_word' id='word_1_287' title='bbox 883 4120 1008 4195; x_wconf 89' lang='lat' dir='ltr'><strong>respicit,</strong></span> <span class='ocrx_word' id='word_1_288' title='bbox 1023 4119 1076 4178; x_wconf 90' lang='lat' dir='ltr'><strong>sed</strong></span> <span class='ocrx_word' id='word_1_289' title='bbox 1097 4119 1134 4177; x_wconf 90' lang='lat' dir='ltr'><strong>ad</strong></span> <span class='ocrx_word' id='word_1_290' title='bbox 1153 4142 1176 4175; x_wconf 75' lang='grc' dir='ltr'><strong>ει</strong></span> <span class='ocrx_word' id='word_1_291' title='bbox 1194 4118 1240 4176; x_wconf 92' lang='lat' dir='ltr'><strong>bis</strong></span> <span class='ocrx_word' id='word_1_292' title='bbox 1253 4141 1269 4189; x_wconf 78' lang='grc' dir='ltr'><strong><em>η</em></strong></span> <span class='ocrx_word' id='word_1_293' title='bbox 1282 4119 1379 4177; x_wconf 83' lang='lat' dir='ltr'><strong>sexies</strong></span> <span class='ocrx_word' id='word_1_294' title='bbox 1399 4137 1441 4176; x_wconf 90' lang='lat' dir='ltr'><strong>re-</strong></span> 
     </span>
     <span class='ocr_line' id='line_1_36' title="bbox 301 4214 1442 4293; baseline 0 -17"><span class='ocrx_word' id='word_1_295' title='bbox 301 4219 431 4292; x_wconf 87' lang='lat' dir='ltr'><strong>petitum.</strong></span> <span class='ocrx_word' id='word_1_296' title='bbox 482 4215 570 4276; x_wconf 89' lang='lat' dir='ltr'><strong>Hanc</strong></span> <span class='ocrx_word' id='word_1_297' title='bbox 593 4219 632 4278; x_wconf 92' lang='lat' dir='ltr'><strong>ob</strong></span> <span class='ocrx_word' id='word_1_298' title='bbox 657 4235 775 4278; x_wconf 86' lang='lat' dir='ltr'><strong>causam</strong></span> <span class='ocrx_word' id='word_1_299' title='bbox 798 4236 860 4276; x_wconf 93' lang='lat' dir='ltr'><strong>non</strong></span> <span class='ocrx_word' id='word_1_300' title='bbox 881 4217 1030 4276; x_wconf 89' lang='lat' dir='ltr'><strong>adsentior</strong></span> <span class='ocrx_word' id='word_1_301' title='bbox 1051 4215 1184 4292; x_wconf 90' lang='lat' dir='ltr'><strong>Hauptio</strong></span> <span class='ocrx_word' id='word_1_302' title='bbox 1203 4214 1311 4293; x_wconf 82' lang='lat' dir='ltr'><strong>legenti</strong></span> <span class='ocrx_word' id='word_1_303' title='bbox 1338 4215 1442 4276; x_wconf 88' lang='lat' dir='ltr'><strong>Ebria</strong></span> 
     </span>
     <span class='ocr_line' id='line_1_37' title="bbox 301 4314 1441 4392; baseline -0.001 -19"><span class='ocrx_word' id='word_1_304' title='bbox 301 4317 408 4375; x_wconf 88' lang='lat' dir='ltr'><strong>acina.</strong></span> <span class='ocrx_word' id='word_1_305' title='bbox 461 4315 538 4376; x_wconf 86' lang='lat' dir='ltr'><strong>Sane</strong></span> <span class='ocrx_word' id='word_1_306' title='bbox 567 4317 607 4375; x_wconf 88' lang='lat' dir='ltr'><strong>ita</strong></span> <span class='ocrx_word' id='word_1_307' title='bbox 634 4314 739 4376; x_wconf 88' lang='lat' dir='ltr'><strong>Catulli</strong></span> <span class='ocrx_word' id='word_1_308' title='bbox 767 4335 869 4376; x_wconf 89' lang='lat' dir='ltr'><strong>uersus</strong></span> <span class='ocrx_word' id='word_1_309' title='bbox 896 4314 1064 4375; x_wconf 89' lang='lat' dir='ltr'><strong>Homericis</strong></span> <span class='ocrx_word' id='word_1_310' title='bbox 1091 4314 1323 4390; x_wconf 74' lang='lat' dir='ltr'><strong>Vergilianisque</strong></span> <span class='ocrx_word' id='word_1_311' title='bbox 1349 4317 1441 4392; x_wconf 74' lang='lat' dir='ltr'><strong>magii</strong></span> 
     </span>
     <span class='ocr_line' id='line_1_38' title="bbox 299 4412 1441 4495; baseline -0.001 -24"><span class='ocrx_word' id='word_1_312' title='bbox 299 4424 408 4472; x_wconf 85' lang='lat' dir='ltr'><strong>starent</strong></span> <span class='ocrx_word' id='word_1_313' title='bbox 432 4415 460 4471; x_wconf 70' lang='lat' dir='ltr'><strong>Ie</strong></span> <span class='ocrx_word' id='word_1_314' title='bbox 483 4415 775 4495; x_wconf 61' lang='lat' dir='ltr'><strong>emollitos-(utor</strong></span> <span class='ocrx_word' id='word_1_315' title='bbox 796 4415 894 4474; x_wconf 89' lang='lat' dir='ltr'><strong>uerbis</strong></span> <span class='ocrx_word' id='word_1_316' title='bbox 917 4414 1023 4474; x_wconf 88' lang='lat' dir='ltr'><strong>Eduini</strong></span> <span class='ocrx_word' id='word_1_317' title='bbox 1048 4414 1171 4473; x_wconf 84' lang='lat' dir='ltr'><strong>Palmeri</strong></span> <span class='ocrx_word' id='word_1_318' title='bbox 1193 4412 1375 4472; x_wconf 87' lang='lat' dir='ltr'><strong>Balliolensis</strong></span> <span class='ocrx_word' id='word_1_319' title='bbox 1396 4413 1441 4470; x_wconf 90' lang='lat' dir='ltr'><strong>cui</strong></span> 
     </span>
    </p>
   </div>
   <div class='ocr_carea' id='block_1_9' title="bbox 0 0 1576 5059">
    <p class='ocr_par' dir='ltr' id='par_1_10' title="bbox 0 0 1576 5059">
     <span class='ocr_line' id='line_1_39' title="bbox 0 0 1576 5059; baseline 0 2"><span class='ocrx_word' id='word_1_320' title='bbox 0 0 1576 5059; x_wconf 95' lang='lat' dir='ltr'><strong> </strong></span> 
     </span>
    </p>
   </div>
  </div>
 </body>
</html>
