3142 5059
299 399 359 458 326
763 398 979 460 Excvltsvs

299 583 409 644 coimm
428 601 463 644 sc
481 585 650 662 scorpiones
668 583 839 646 credebatur
854 585 964 663 ailquid
978 601 1044 644 esse
1058 601 1231 657 commune;
1252 599 1323 641 narn
1335 596 1438 640 secun

301 681 372 740 dum
386 681 510 741 PIIninm
526 683 580 758 (H.
591 681 629 742 N.
644 681 818 743 XXXVIII.
829 687 882 757 44)
902 683 1066 762 scorpionis
1083 700 1185 743 morsu
1202 681 1252 740 icti
1269 682 1350 740 coitu
1362 680 1439 738 lem-

300 779 414 850 bantur,
425 796 572 840 uenenum
586 791 684 842 sutem
698 783 728 841 in
742 783 893 843 mulierem
907 783 1054 842 transibat
1072 781 1108 842 cl.
1118 781 1219 840 Manil.
1228 780 1270 839 11.
1280 782 1348 851 462.
1377 777 1440 836 Nec

300 877 362 936 iure
380 878 491 938 mireris
505 879 585 955 quod
599 881 730 956 scorpitis
745 881 807 940 sedi
821 883 990 960 suppositus
1003 881 1097 950 fuerit,
1111 899 1180 939 cum
1198 878 1326 938 Lucilius
1339 876 1443 935 dixerit

300 975 380 1052 apud
390 975 521 1036 Nonium
533 978 571 1052 65
586 976 745 1038 Simulus
755 982 887 1038 mutan
898 980 1037 1055 emptast?
1046 997 1172 1037 mussant
1182 985 1209 1035 et
1218 978 1377 1051 capellulam
1404 975 1444 1031 At

298 1075 471 1152 scorpIones
492 1075 583 1152 ignoti
604 1077 754 1138 Romanis.
796 1078 875 1138 Audi
893 1077 1018 1137 Plinium
1033 1075 1073 1135 H.
1086 1074 1125 1136 N.
1139 1076 1193 1134 XI.
1205 1079 1244 1151 89
1259 1073 1337 1134 Sane
1348 1073 1448 1146 Pyle·

299 1174 352 1248 σοι’
367 1173 536 1248 reliquorum
550 1195 651 1233 ueneno
665 1181 807 1235 terrorum
821 1177 974 1234 machaus
985 1183 1114 1252 quaestus
1126 1177 1177 1233 sui
1188 1193 1274 1233 caton
1284 1174 1445 1249 peregrinis

300 1271 383 1328 meld
406 1273 547 1347 inplevere
566 1271 690 1345 Idalium,
710 1274 759 1332 Ιιοι
782 1293 884 1351 quoquc
907 1277 1058 1350 sinporlure
1080 1271 1332 1343 concutientem
1350 1273 1445 1327 ιιίιισι

299 1369 378 1426 sistra
392 1367 488 1428 Siculi
502 1371 575 1428 cadi
591 1375 725 1448 regionem
746 1391 800 1430 non
814 1379 934 1448 penate.
983 1370 1118 1430 Versantur
1136 1378 1226 1429 tantm
1245 1369 1397 1444 ud’quando
1415 1370 1445 1424 in

300 1464 390 1524 Italia
409 1467 460 1526 sed
475 1470 590 1528 t'ttnocui
605 1471 749 1547 mulitsque
765 1471 833 1531 aliis
851 1473 882 1529 t‘n
902 1473 967 1529 loct's
986 1477 1018 1528 ut
1033 1473 1109 1528 circo
1123 1469 1257 1528 Pharum
1271 1471 1302 1524 in
1315 1467 1445 1546 Aegypto.

302 1563 399 1624 Potuit
413 1565 499 1643 igitur
512 1569 674 1645 scorpionis
688 1569 783 1628 foruna
797 1581 869 1629 nota
882 1588 947 1630 esse
961 1568 1104 1628 Romanis
1112 1588 1121 1640 ;
1143 1584 1311 1645 quanquam
1331 1585 1371 1624 ne
1389 1565 1445 1624 hoc

301 1667 421 1744 quidem
443 1670 640 1729 necessarimn
664 1680 733 1740 erat,
754 1689 824 1729 nem
846 1669 978 1730 Catullus
1002 1669 1124 1729 sortasse
1147 1668 1294 1728 Graecum
1318 1667 1446 1742 aliquem

301 1765 428 1826 irnitstus
448 1776 493 1825 est
512 1767 762 1844 quemadmodum
781 1767 847 1827 XV.
866 1785 901 1842 19
923 1766 1071 1845 raphanos
1091 1767 1273 1843 mugilesque
1293 1765 1407 1823 uidetur
1426 1782 1446 1821 a

302 1865 423 1926 Graecis
438 1865 641 1943 desumpsisse.
684 1866 725 1927 Vt
744 1869 803 1928 iam
822 1868 860 1927 ad
874 1867 1027 1928 Platonem
1046 1867 1208 1939 redeamus,
1223 1866 1294 1944 quid
1308 1865 1346 1924 de
1357 1882 1446 1924 uersu

301 1965 487 2024 statuendum
501 1967 553 2024 erit
567 1983 655 2042 quem
670 1983 758 2043 supra
771 1967 944 2026 citammusi
971 1965 1042 2026 Non
1056 1977 1101 2026 est
1114 1985 1165 2026 cur
1177 1965 1302 2025 multum
1316 1965 1445 2034 haereas,

301 2081 370 2122 nam
389 2081 426 2122 ex
444 2071 565 2140 utroque
585 2063 709 2124 lectione
730 2064 813 2124 iocus
832 2065 932 2124 euadit
950 2065 1011 2140 παρ’
1025 2066 1155 2122 ὑπόνοιαν.
1196 2062 1276 2122 Num
1290 2065 1315 2123 si
1329 2063 1447 2123 codices

303 2161 393 2222 secuti
407 2161 567 2222 scribemus

504 2301 631 2376 teoprlor
643 2299 676 2358 nd
689 2299 802 2358 παῦσιιό
810 2325 843 2376 γι
856 2305 906 2358 σοῦ
919 2303 966 2358 τὸν
978 2303 1099 2374 πρακτὸν
1111 2303 1231 2359 {treme

302 2459 391 2528 poets
410 2447 509 2526 incipit
529 2449 612 2526 qnasi
633 2448 671 2509 de
692 2449 773 2526 pisce
794 2449 932 2524 dicturus,
951 2450 1004 2510 sed
1025 2468 1094 2510 cum
1116 2450 1251 2510 subiisset
1270 2451 1380 2510 uennis
1400 2451 1447 2510 ille

302 2547 427 2624 scorpio,
443 2547 509 2606 ioco
522 2546 590 2607 hinc
605 2547 695 2624 petito
708 2563 827 2607 uersum
840 2549 942 2608 clausit
949 2567 958 2620 ;
980 2549 1025 2608 sin
1039 2549 1129 2608 uerba
1142 2568 1210 2608 cum
1223 2547 1363 2608 Elmsleio
1379 2561 1448 2628 post

303 2645 336 2704 ed
356 2645 607 2722 interrumpemus,
621 2646 712 2705 altero
733 2663 822 2706 sensu
839 2656 928 2724 poeta
945 2647 1057 2724 piscem
1075 2646 1156 2718 elisit,
1170 2647 1262 2706 altero
1276 2650 1447 2708 uermemis

303 2743 354 2820 qui
375 2753 480 2820 poetae
500 2745 590 2802 uerba
610 2745 777 2804 recitantem
798 2745 968 2822 interpellet
1009 2744 1069 2804 Hic
1089 2745 1115 2804 si
1133 2746 1198 2822 quis
1218 2745 1297 2805 dicet
1315 2764 1447 2806 uermem

303 2839 422 2917 quidem
443 2841 628 2916 scorpionem
653 2843 847 2918 significatum
871 2861 889 2902 s
912 2842 1036 2914 Cauillo,
1060 2844 1134 2920 pisci
1156 2845 1236 2904 enim
1256 2845 1287 2903 in
1307 2845 1447 2904 tabernae

304 2937 399 2998 fronte
413 2939 511 2999 locum
525 2958 587 2999 non
601 2941 672 3014 dari,
687 2942 766 3002 idem
780 2953 878 3003 tamen
896 2954 985 3020 neget
1003 2945 1191 3020 scorpionum
1208 2945 1240 3004 in
1255 2945 1447 3005 moechorum

303 3037 447 3114 supplicio
474 3039 654 3099 mentionem
681 3041 743 3102 fieri
769 3042 826 3102 nisi
852 3043 995 3120 piscium,
1024 3043 1222 3121 quaerendam
1249 3045 1336 3120 igitur
1359 3045 1445 3103 aliem

304 3136 446 3197 rationem
467 3155 584 3197 uersum
605 3140 786 3216 explimndi;
809 3142 905 3218 possis
923 3143 1006 3202 locos
1023 3142 1127 3201 afferre
1143 3142 1244 3220 qunles
1265 3153 1334 3202 sunt
1351 3143 1447 3202 Photii

304 3254 333 3313 p.
350 3237 408 3312 629
424 3236 469 3296 ed.
485 3234 597 3297 Porson
614 3239 680 3298 ‘ret
697 3243 774 3297 οοίπι
791 3243 859 3317 lid,
877 3243 1009 3314 secpsius
1030 3243 1147 3298 ἐλλείπει
1165 3239 1268 3298 ὕπεστι·
1288 3245 1394 3315 >tl-pem
1405 3245 1448 3299 iri

303 3339 357 3392 rev
370 3337 500 3409 κακοηθῶν
513 3339 555 3393 καὶ
567 3337 610 3396 ist
622 3339 764 3413 ἐριστικῶν.
808 3337 852 3398 Id.
867 3357 896 3416 p.
909 3340 969 3415 326
988 3338 1147 3396 Ὀιτόσαισ
1168 3343 1294 3414 Κρατῖνος
1307 3344 1446 3415 θρόπαιι·

303 3435 453 3494 'omisserit
479 3437 626 3512 ἇνιγοὶριιο·
654 3437 711 3494 inl
737 3441 783 3494 τοῦ
810 3437 946 3512 σκορπίον·
977 3440 1100 3513 παροιμία
1126 3441 1186 3514 peip·
1217 3436 1342 3513 Σκορών
1368 3438 1449 3496 διτύ-

303 3555 371 3590 rous
390 3534 538 3610 ὼιγιίριιι·
557 3535 586 3592 ὸ
605 3537 634 3592 δι’
653 3540 709 3594 ruis
729 3535 866 3609 Aiqo'Xou
885 3535 1021 3611 Ιασσρὶαιι
1041 3537 1057 3608 ἡ
1077 3535 1172 3592 Λύσσα
1191 3537 1375 3605 Heliconos
1394 3541 1449 3595 ruis

305 3632 417 3704 Βάκχαις
437 3631 529 3705 φησιν·
557 3633 586 3690 le
608 3635 695 3691 nolas
717 3633 740 3690 d*
762 3633 815 3689 dn
832 3629 839 3714 Ι
856 3635 996 3707 ὑπέρχισαι
1019 3636 1173 3708 σσαραγμὸι
1197 3635 1234 3691 rIs
1256 3634 1336 3707 ὅφιν
1357 3630 1447 3709 :spol

305 3729 416 3797 sivrqps
428 3731 555 3802 γλώσσης
569 3733 696 3806 σκορπίου
709 3733 790 3798 fiilios
801 3731 880 3806 λέγω.
915 3729 1082 3807 Hesychius
1095 3729 1285 3804 Σιορσιαῖσισαι
1297 3731 1448 3804 ἐρεθίζεται.

306 3822 411 3882 Suidas
439 3829 649 3898 Σκορσιαὶνισθαι
676 3830 880 3902 &suspenderent
906 3829 1081 3902 τραχῦσισθαι
1106 3823 1252 3898 ἆσαῦθαδί(
1261 3829 1325 3885 σθαι
1349 3871 1449 3888 .....

305 3925 460 3998 npoedrwe·
475 3921 530 3981 Ἠν
547 3927 576 3982 δι’
594 3927 643 4001 ἄρα
661 3928 677 3998 ἡ
697 3929 819 4001 θισδῶρα
838 3929 1000 4002 σκορσιυδὴι
1013 3923 1146 4003 (τοῦτεστι
1161 3921 1299 4004 πληκτικὴ)
1313 3929 1356 3982 καὶ
1369 3927 1450 4001 ὀργὴν

306 4022 433 4094 corriel·
453 4022 559 4099 quibus
573 4041 609 4083 ex
624 4025 760 4084 omnibus
774 4035 897 4102 apparet
909 4025 1079 4101 scorpiones
1093 4023 1188 4083 dictos
1204 4023 1292 4083 inisse
1310 4042 1448 4084 morosos

305 4129 336 4180 et
356 4119 513 4180 Iracundos
534 4119 668 4180 homines
685 4124 763 4196 (utor
782 4123 881 4183 uerbis
894 4122 1086 4182 Hildebrandi
1105 4121 1145 4181 ad
1164 4122 1251 4199 Apul.
1265 4122 1317 4180 IX
1334 4119 1386 4201 ιγ)
1400 4124 1450 4200 qni

305 4220 412 4294 pprdrss
431 4221 462 4275 τὸ
483 4219 594 4295 κέντρον,
615 4219 737 4294 §trouver
756 4223 833 4295 δοῦρα
854 4222 956 4294 κᾴκεῖσε
977 4220 1142 4296 (Demosth.
1161 4223 1232 4296 786)
1255 4222 1335 4280 {cunt
1356 4223 1449 4301 Inopi·

308 4328 420 4379 nantes.
462 4319 551 4380 Tales
576 4321 669 4379 solent
692 4338 757 4380 esse
779 4321 904 4398 zelotypi
928 4322 1038 4394 matiti3
1063 4321 1126 4380 talis
1150 4331 1211 4379 erat
1232 4319 1379 4380 Barbarus
1403 4322 1449 4381 ille

308 4419 387 4493 apud
414 4418 569 4495 Apuleium
596 4418 661 4494 (IX.
683 4416 731 4498 17)
757 4437 845 4496 quem
869 4417 1040 4495 Scorpionem
1063 4430 1136 4495 proc
1161 4438 1268 4478 morunt
1295 4421 1449 4479 acntuddu
