3142 5059
321 395 379 454 m
783 390 997 454 EXCVRSVS

317 575 435 654 caepim
457 577 604 648 bibebant,
623 575 661 637 ci.
675 575 778 654 Copae
799 595 900 637 uersus
919 579 979 651 3-8
1000 573 1093 634 Ebria
1105 573 1227 653 sam
1245 573 1335 632 aava!
1351 573 1460 630 aaa«

319 675 432 734 taberna
452 681 536 735 ant.
588 674 693 752 Neque
714 676 871 753 scopiones
890 693 1014 734 unarum
1034 689 1204 751 quanquam
1224 673 1260 731 iis
1280 671 1372 730 iacies
1390 671 1460 730 dor·

318 773 436 834 mkntia
458 774 540 851 pingi
561 775 662 851 potuit,
680 773 749 832 satis
770 791 879 848 magna
894 772 942 832 uel
955 772 1033 832 clara
1052 790 1099 832 res
1118 783 1151 830 ut
1168 769 1275 830 Catulli
1295 770 1397 828 usibus
1415 769 1460 826 in-

318 873 468 932 seruirent.
523 871 604 933 Hinc
640 873 890 950 scorpionibus
924 870 1082 948 legendum
1108 887 1226 930 censeo.
1281 867 1461 943 Scorpiones

319 969 398 1030 enim
420 971 610 1031 moechorum
637 972 754 1032 sedibus
776 971 924 1031 subiectos
946 970 1035 1030 fuisse
1061 970 1150 1030 dooet
1171 969 1256 1028 Plato
1277 968 1412 1028 comicus
1430 968 1462 1026 in

320 1067 440 1130 Phaone
454 1070 487 1130 ir.
502 1071 525 1130 1.
544 1089 577 1130 ar
597 1069 700 1144 (Mein.
716 1069 756 1130 11.
771 1072 844 1146 673)

541 1228 639 1299 spi-,tq
653 1227 676 1282 δ’
690 1227 736 1281 οὐκ
749 1223 833 1282 ι’θὶλει
847 1223 943 1299 ηὗρον
956 1224 1090 1297 ἐπιήρανος
1103 1221 1175 1282 εἶναι.

543 1325 677 1398 Παρθένον
689 1324 839 1396 Ἀρτιμίδοε
852 1323 904 1398 γᾶρ
917 1325 969 1396 ἔφυ
981 1325 1022 1379 tol
1035 1321 1154 1394 arripare
1165 1325 1246 1394 ptari.

542 1421 666 1494 Σκορπίος
679 1419 752 1476 aul-

677 1529 705 1578 B.
726 1519 830 1577 trained
841 1544 871 1595 γε
884 1523 936 1576 σοῦ
947 1521 993 1576 cdv
1005 1519 1122 1593 πρακτὸν
1135 1520 1265 1576 treta&

362 1683 411 1744 Sic
424 1683 502 1744 enirn
517 1695 583 1762 post
596 1683 765 1744 Elmsieium
780 1685 909 1744 scribunt
917 1683 1086 1743 Dindorlius
1096 1691 1126 1742 et
1134 1681 1309 1743 Meinekius.
1334 1683 1463 1742 Codioes

321 1785 432 1844 habent
445 1783 555 1842 uariam
569 1782 723 1842 lectionem
737 1783 847 1840 micet!
858 1807 890 1858 γε
908 1801 964 1842 nec
984 1781 1147 1841 orationem
1167 1791 1235 1858 post
1254 1781 1288 1838 ed
1308 1783 1462 1840 interrum-

319 1893 402 1961 punt
429 1879 580 1940 lacobsius
593 1879 669 1940 coni.
680 1881 776 1938 παύσει
788 1903 821 1937 σε
832 1885 913 1938 ntm
923 1881 1004 1957 quod
1015 1899 1086 1940 sane
1096 1899 1134 1939 eo
1147 1882 1373 1940 commendatur
1381 1880 1463 1958 quod

320 1981 478 2041 continuus
499 1979 530 2038 fit
551 1980 725 2038 hexameter.
768 1977 846 2038 Nam
866 1997 903 2038 ex
922 1978 1055 2038 uersibus
1071 1998 1107 2037 aa
1123 1978 1250 2038 Phaonis
1271 1979 1320 2038 hic
1340 1978 1463 2038 seruatis

320 2079 410 2138 iambi
426 2091 441 2152 7
459 2077 588 2137 Platonis
605 2088 680 2149 sunt,
695 2077 782 2136 ceteri
802 2077 963 2137 hexametri
983 2079 1044 2137 siue
1065 2095 1084 2136 a
1102 2077 1264 2136 Philoxeno
1281 2078 1381 2155 scripti
1402 2077 1463 2136 siue

321 2176 477 2237 aPlatone
499 2176 537 2236 ad
554 2175 740 2234 inridendum
762 2173 961 2248 Philoxenum,
980 2187 1012 2235 ut
1032 2175 1159 2253 Bergkio
1183 2177 1285 2252 piacet
1327 2175 1410 2234 Nam
1433 2177 1463 2233 in

321 2275 427 2335 iambis
448 2275 523 2334 duae
543 2291 686 2352 personae
705 2275 779 2334 inter
793 2293 826 2333 se
846 2275 989 2346 locuntur,
1004 2285 1072 2352 post
1092 2275 1238 2334 senarium
1258 2285 1357 2334 autem
1379 2275 1463 2351 qnin-

321 2383 384 2433 tum
397 2391 473 2433 unus
492 2372 682 2450 interponitur
695 2373 879 2444 hexameter3
900 2384 1037 2432 secuntur
1055 2374 1115 2433 duo
1128 2372 1233 2433 senarii
1247 2377 1288 2446 (7,
1304 2375 1336 2445 8)
1345 2391 1354 2445 ;
1376 2372 1464 2432 ceteri

320 2489 423 2533 uersus
445 2471 603 2531 hexametri
632 2481 707 2543 sunt,
732 2482 761 2531 et
784 2471 876 2530 ultimi
902 2471 1021 2548 quidem
1044 2489 1153 2531 nouem
1180 2481 1223 2530 ter
1250 2472 1281 2529 in
1307 2473 1411 2542 oinos,
1431 2480 1464 2529 ut

321 2571 444 2642 uidetur,
459 2569 609 2630 distributi.
650 2569 751 2648 Itaque
770 2570 849 2630 haud
868 2571 930 2630 scio
948 2589 987 2630 an
1001 2581 1079 2630 recte
1092 2569 1245 2630 Elmsieius
1260 2587 1381 2628 uersnm
1396 2578 1464 2646 post

322 2670 355 2726 al
375 2669 528 2746 abruperit.
572 2667 630 2729 Sed
651 2670 712 2728 siue
732 2669 791 2730 hoc
811 2669 902 2729 modo
923 2688 991 2728 eum
1011 2669 1159 2746 scripseris
1178 2669 1241 2727 siue
1260 2677 1293 2726 ut
1310 2666 1463 2729 lacobsius

323 2767 423 2826 similis
442 2767 547 2826 euadet
565 2769 714 2828 sententia
756 2765 836 2826 Nam
849 2769 954 2826 πίσειέ
965 2793 996 2843 γ
1009 2771 1060 2825 σοῦ
1072 2777 1176 2827 uotum
1189 2768 1243 2825 erit
1255 2765 1463 2843 interpellantis

321 2863 383 2938 παρ’
407 2865 536 2924 ὑπόνοιαν.
578 2877 609 2922 Α.
629 2865 789 2943 ‘Scorpius
810 2866 925 2938 autem,'
957 2875 986 2924 B.
1011 2867 1141 2924 ‘utinam
1164 2865 1216 2924 tibi
1237 2882 1327 2922 mum
1350 2869 1463 2941 pmnga't

323 2963 530 3042 ‘suppositus'
552 2965 656 3042 quibus
677 2967 773 3026 uerbis
794 2967 899 3026 inridet
918 2966 1152 3043 magnificentius
1168 2964 1347 3035 recitantem,
1366 2969 1463 3022 eadm

323 3085 356 3119 σε
368 3063 450 3120 πόθου
464 3062 511 3121 uel
524 3062 632 3120 παύσειε
645 3065 727 3121 πόθου
740 3065 798 3124 hoc
814 3083 903 3124 sensu
916 3065 1027 3124 dicettu
1040 3063 1169 3123 ‘Mullus
1182 3064 1301 3140 quidem
1314 3062 1462 3122 Venerem

323 3165 407 3220 ‘non
421 3161 553 3234 adiuuat;
577 3163 708 3238 scorpius
728 3181 800 3224 uero
819 3163 941 3222 omnino
961 3163 1181 3239 exstinguit—si
1202 3161 1322 3239 quando
1342 3179 1412 3221 eum
1432 3161 1462 3220 in

323 3265 331 3294 ‘
346 3261 416 3320 sede
430 3261 541 3320 adulter
555 3262 696 3321 senseris?

365 3357 467 3418 Restat
490 3367 589 3418 tamen
616 3360 705 3418 altera
729 3359 868 3436 quaestio,
893 3359 1063 3436 scorpiones
1090 3359 1226 3418 animalia
1251 3359 1398 3417 terrestria
1424 3377 1461 3416 an

323 3457 418 3533 pisces
446 3457 650 3533 significentur.
692 3455 730 3515 Et
758 3457 788 3514 in
816 3455 944 3516 Platonis
967 3457 1086 3534 quidem
1109 3475 1196 3517 uersu
1220 3457 1332 3534 piscem
1360 3457 1460 3517 saltem

323 3554 459 3630 primario
472 3555 539 3614 loco
554 3555 708 3632 significari
726 3572 846 3614 necesse
860 3565 921 3627 est3
943 3564 1021 3615 totus
1033 3566 1078 3615 est
1090 3557 1170 3615 enim
1184 3557 1221 3616 de
1235 3556 1373 3635 piscibus.
1415 3555 1461 3615 Sic

325 3651 497 3712 Heniochus
511 3654 540 3711 in
555 3653 789 3730 Polypragmone
802 3653 835 3712 ir.
848 3653 904 3713 111.
920 3654 1024 3728 (Mein.
1038 3653 1093 3713 111.
1105 3657 1179 3730 561)

585 3814 637 3882 ὁρᾶ
651 3813 679 3867 δὲ
693 3809 768 3882 θαῦμ’
782 3811 904 3876 ἄπιστον,
919 3810 1015 3883 ἰχθύαν
1028 3812 1098 3885 γένη,

585 3911 644 3982 περὶ
657 3911 704 3980 τὴν
717 3911 796 3983 ἄκραν
809 3911 931 3978 unisono
945 3910 1055 3974 κυβῖυυς
1067 3911 1185 3983 σπάρους

585 4106 693 4178 τρίγλας
706 4107 833 4164 ἑλεδώνας
846 4108 994 4178 σκορπίους.

325 4267 542 4331 Mnesimachus
557 4269 586 4328 in
601 4269 810 4348 Hippotropho
825 4287 863 4346 45
879 4270 982 4345 (Mein.
998 4269 1053 4330 111.
1070 4273 1141 4347 570)

586 4422 708 4494 κεστρεὺς
722 4423 846 4495 σκορπίος
858 4423 968 4495 ἔγχελυς
981 4421 1072 4494 t'tpttros
