3142 5059
524 404 887 466 PROLEGOMENA.

336 589 406 651 Non
419 590 600 668 egosagr‘neri
612 591 733 649 cecriu'le
750 587 844 665 Pipae
855 590 948 661 saluti,

379 689 493 765 Scrzpla
507 690 631 748 Dionaei
643 710 689 747 nec
701 688 774 747 mr'hi
779 696 859 765 gesto
873 690 958 747 duca.

340 788 474 849 Carmine
486 788 537 847 sul
551 794 651 859 nostro,
665 788 759 863 aprili
767 789 876 846 lasceiea
891 787 1003 848 Catulli

378 885 489 957 Lesbia,
503 888 578 944 dulce
591 886 645 945 ott
654 887 733 944 mdla
747 892 884 945 susurrat
893 888 967 944 ausi.

217 1000 278 1079 (uu.
292 1013 371 1075 7-10
392 1001 541 1079 Epistulae
561 1002 600 1061 ad
615 1000 779 1077 Collegium
793 1001 975 1071 Artistarum‚
992 1018 1021 1075 p.
1034 1018 1072 1075 39
1091 999 1135 1059 ed
1151 998 1281 1077 Pignorii

261 1100 362 1178 1636).

176 1230 237 1291 Sed
261 1242 290 1290 et
314 1232 398 1303 haec,
419 1242 451 1291 ut
473 1230 595 1309 Hauptii
619 1232 716 1291 uerbis
740 1242 813 1302 utar,
834 1231 928 1307 potuit
951 1248 988 1290 ex
1010 1230 1150 1290 Martialis
1174 1232 1277 1290 carmi·

133 1329 221 1388 nibus
235 1328 304 1387 VII.
317 1348 353 1403 14
369 1340 398 1388 et
411 1330 492 1388 XIV.
504 1344 540 1405 77
557 1341 664 1407 petere,
679 1348 734 1389 nec
748 1330 909 1406 quidquam
923 1329 952 1387 in
967 1328 1090 1388 Mussati
1104 1330 1280 1389 carminibus

134 1440 179 1487 est
200 1428 280 1503 quod
302 1427 407 1487 Catulli
427 1429 600 1487 imitatorem
622 1425 763 1487 testenrr¹.
807 1427 962 1504 Vtcunque
983 1446 1080 1486 resse
1099 1427 1195 1499 habet,
1210 1428 1281 1487 nihil

134 1527 211 1585 inest
231 1526 441 1603 epigrammate
462 1527 543 1603 quod
563 1527 601 1585 ab
620 1528 739 1585 ineunte
762 1526 880 1585 saeculo
898 1525 971 1584 XIV
990 1525 1118 1584 alienum
1140 1525 1279 1585 uideatur.

133 1624 231 1684 Multa
250 1626 395 1685 eiusmodi
419 1626 631 1703 epigrammata
651 1625 760 1703 profert
781 1625 971 1701 Pagliarinus,
991 1625 1109 1684 mdiora
1132 1624 1279 1702 pleraque,

134 1742 197 1782 non
211 1724 308 1799 qualia
322 1725 487 1783 scribebant
500 1724 633 1801 politiore
647 1725 706 1782 iam
720 1722 799 1782 sacto
813 1723 937 1782 saeculo,
970 1722 1061 1795 Quod
1074 1722 1164 1798 uulgo
1179 1723 1282 1782 dicittu

133 1839 153 1879 a
167 1818 299 1879 Guarino
309 1820 475 1880 Veronensi
489 1823 636 1897 scriptum,
651 1821 681 1880 id
696 1822 756 1879 iure
771 1820 907 1879 infitiatur
921 1818 1098 1890 Schwabius,
1112 1838 1280 1896 quanquam

133 1919 166 1976 in
180 1918 355 1995 quibusdam
377 1920 526 1979 codicibus
548 1918 614 1979 huic
636 1920 801 1995 assignatur
821 1928 851 1977 et
871 1918 998 1978 editione
1019 1919 1159 1995 principe.
1201 1918 1280 1977 Nam

134 2016 283 2077 Guarinus
305 2036 385 2076 anno
403 2032 479 2093 1370
501 2029 586 2078 natus
607 2030 659 2091 est,
681 2018 739 2077 boc
761 2028 806 2076 est
825 2018 954 2094 quinque
975 2026 1088 2076 tantum
1108 2018 1192 2077 annis
1213 2029 1281 2079 ante

133 2126 285 2175 exaratum
306 2117 440 2176 codicem
461 2117 753 2194 Sangermanensem,
768 2117 799 2175 in
818 2134 879 2192 quo
897 2116 993 2193 primo
1013 2116 1125 2191 legitur.
1167 2115 1214 2175 De
1235 2118 1279 2175 in-

133 2216 340 2292 terpretatione
368 2216 430 2275 eius
451 2217 581 2275 multum
609 2216 773 2292 ambigitur.
829 2215 999 2292 Lessingius
1024 2213 1121 2293 (VIII.
1149 2230 1208 2289 450
1233 2216 1279 2275 ed.

133 2311 330 2391 Lachmann.)
342 2316 480 2374 censebat
494 2314 599 2374 Catulli
612 2315 718 2373 librum
732 2323 782 2373 aut
796 2332 813 2373 a
828 2314 1008 2373 Bemardino
1019 2313 1162 2384 Plumat0‚
1173 2314 1281 2390 insigni

133 2412 260 2483 medic0,
275 2422 325 2471 aut
345 2414 384 2472 ab
405 2412 503 2489 aliquo
523 2430 560 2471 ex
581 2414 643 2471 eius
663 2412 822 2472 maioribus
843 2413 995 2470 inuentum
1016 2430 1097 2484 esse;
1118 2410 1176 2470 hoc
1201 2412 1280 2470 enim

134 2510 299 2584 significare
312 2529 429 2569 uersum
445 2530 461 2585 3
477 2508 588 2569 Scilicet
603 2530 622 2569 a
634 2512 751 2569 calamis
765 2510 865 2568 tribuit
875 2509 1059 2569 na'Frarm'a
1072 2528 1174 2580 mmm,
1189 2528 1280 2587 quum

135 2606 249 2667 Gallice
272 2609 377 2667 calami
396 2610 506 2684 plumae
526 2610 667 2669 dicantur.
710 2608 768 2669 Sed
790 2608 876 2667 Bern.
892 2608 1016 2667 Plumati
1036 2610 1180 2668 recentior
1200 2620 1282 2669 aetas

135 2724 225 2783 quam
239 2716 271 2765 ut
285 2707 409 2783 scriptor
422 2707 562 2765 habeatur
575 2708 801 2783 epigrammatis,
812 2708 884 2766 uixit
898 2708 976 2766 emm
991 2708 1068 2767 circa
1082 2722 1280 2783 1450-15003

134 2804 198 2864 siue
219 2815 318 2864 autem
339 2806 411 2881 ipse,
426 2806 488 2865 siue
508 2824 585 2865 unus
606 2805 710 2866 dicitur
730 2825 767 2865 ex
788 2807 850 2865 eius
871 2807 1039 2877 maioribus,
1053 2806 1195 2865 difficilius
1209 2807 1281 2866 dixit

133 2904 382 2981 epigrammatista
402 2904 451 2981 qui
475 2923 530 2981 pro
551 2904 657 2980 plumis
682 2915 742 2964 tam
766 2906 839 2963 mira
863 2905 1120 2965 circumlocutione
1142 2924 1213 2965 usus
1234 2906 1279 2965 sit.

135 3000 242 3061 Melior
256 3004 399 3062 sententia
412 3002 559 3061 Laurentii
573 3003 702 3079 Pignorii
717 3002 830 3081 (Symb.
845 3005 928 3081 epist.
943 3002 967 3063 1.
981 3004 1036 3065 xvi.
1058 3021 1087 3080 p.
1103 3001 1155 3081 57)
1170 3022 1281 3062 nomen

133 3101 295 3159 inuentoris
319 3100 466 3160 Francisci
490 3120 526 3160 ex
550 3102 646 3161 uerbis
672 3100 786 3159 Tribuit
806 3104 855 3159 ιτα·
870 3100 1000 3160 Francrb
1019 3121 1113 3160 nomen
1133 3102 1279 3174 elidentis,

133 3216 260 3275 eamque
282 3200 408 3276 amplexi
428 3210 495 3259 sunt
514 3200 644 3260 Naekius
659 3200 784 3276 Silligius
799 3200 928 3277 Heysius
943 3199 1118 3259 Schwabius.
1160 3200 1187 3258 Α
1204 3202 1279 3258 cala·

133 3294 203 3355 ms's’
217 3308 267 3357 aut
280 3298 318 3357 ad
333 3298 461 3358 officium
475 3299 594 3359 referttu
608 3310 657 3359 aut
671 3318 857 3376 cognomen:
876 3300 903 3358 'si
917 3300 956 3359 ad
969 3298 1106 3371 officium,
1120 3300 1214 3359 scriba
1228 3298 1282 3357 luit

167 3530 176 3559 ¹
196 3530 275 3578 Adieci
287 3540 364 3579 umen
375 3546 435 3594 quae
446 3533 530 3581 Catulli
544 3534 639 3597 uestigia
652 3534 747 3582 sortasse
757 3535 852 3583 hebent.

300 3645 322 3691 p.
333 3643 373 3693 40.
429 3632 512 3680 Nescio
523 3648 582 3695 puae
585 3632 662 3693 sunit
672 3632 759 3681 rabidis
762 3632 892 3696 flagrabat
904 3632 994 3688 iambis,

433 3715 521 3779 (Μαι
532 3715 676 3763 manabat
687 3724 759 3763 rutra
771 3716 902 3763 commus
912 3724 969 3763 aar.
1022 3715 1060 3763 Cf.
1072 3715 1125 3762 Cat.
1135 3714 1244 3762 XXXVI.
1256 3727 1280 3777 5.

300 3827 322 3872 p.
335 3824 373 3861 21.
660 3814 733 3877 Virgo
742 3814 845 3875 pollutae
855 3830 940 3861 manus

430 3895 544 3943 &mm
555 3910 636 3943 more
646 3896 738 3943 sordido
748 3895 896 3956 tactuseretl
1000 3896 1038 3943 Cf.
1049 3896 1102 3943 Cat.
1113 3894 1195 3943 LXIV.
1210 3894 1263 3943 181.

299 4007 321 4052 p.
335 4004 373 4053 30.
429 3992 503 4041 Neruo
515 3994 640 4055 tamsortis
651 3994 713 4042 adet
723 4009 768 4042 esee
778 4009 824 4057 quo
834 3993 974 4055 musonius·
985 3994 1048 4042 asar.

996 4076 1034 4125 Cf.
1046 4077 1099 4126 Cat.
1111 4076 1195 4125 LXVI.
1208 4074 1245 4123 28.

165 4156 179 4187 ¹
195 4160 264 4208 Venit
277 4160 300 4207 in
312 4168 415 4207 mentem
427 4159 496 4208 Ouid.
508 4160 569 4207 Fast.
582 4159 611 4207 Il.
624 4156 739 4222 617-620

399 4259 514 4308 Proxinta
526 4260 619 4324 cognati
629 4261 708 4309 diam
718 4261 819 4309 Caristia
830 4262 880 4309 cari

431 4342 463 4389 Er
474 4344 535 4390 uate
545 4344 580 4390 ad
588 4342 660 4389 sedas
671 4344 739 4390 seba
748 4344 878 4406 propinqua
890 4346 967 4406 dapes

399 4424 488 4472 Scilicet
499 4441 512 4471 a
525 4425 626 4480 tumulis,
637 4426 708 4489 etqui
715 4426 803 4487 periere
810 4426 944 4490 propinquis

431 4505 544 4555 Protenus
556 4510 590 4557 ad
600 4508 663 4556 uiuos
675 4524 717 4556 oro
729 4510 814 4570 reserre
825 4508 897 4559 iuuat.
